2796 5024
246 401 572 516 nunonem
611 445 892 514 Hormou
933 453 962 518 1.
1099 479 1137 528 οι

72 615 260 684 claviculae
283 618 413 699 croceis
436 619 610 708 corymbis
630 619 805 708 gestientes
827 622 1030 698 volvuntur.
1111 617 1122 690 .’

69 719 154 786 lutus
177 723 324 809 muilier,
348 726 513 793 divinum
534 747 634 814 opus,
657 725 785 812 sculpta
808 735 870 802 eet,

70 825 196 890 Ornata
218 830 323 915 peplo
345 842 381 894 et
401 829 562 896 reticulo:
590 827 685 893 iuxta
706 827 793 892 huno
814 824 883 891 viri

67 925 236 994 Promisso
250 952 348 996 coma
364 929 597 1020 conspiciendi
612 929 777 1012 vicissim,
800 929 935 994 aliunde
949 928 1046 1014 elius,

67 1028 187 1094 Verbis
200 1034 432 1100 contendunt:
454 1055 540 1121 queo
553 1031 639 1098 nihil
657 1044 799 1099 movent
808 1033 899 1100 illius
913 1033 1085 1102 enimumz

67 1183 274 1205 *—

120 1321 204 1363 num
229 1303 309 1366 odit.
324 1301 572 1368 Brubuchienee
589 1303 761 1366 subiuncta
777 1321 986 1384 memoratur,
1009 1307 1123 1372 items

118 1387 310 1472 Stephano,
335 1389 493 1452 Valcken.
508 1390 673 1452 Bruuckio
692 1406 725 1452 et
739 1392 973 1454 recentioribus
989 1393 1123 1456 editori·

122 1471 186 1533 bns
210 1488 343 1560 recepte
358 1489 418 1538 est.
446 1475 536 1538 Solet
552 1474 683 1580 puidem
698 1497 878 1558 pronomen
890 1480 937 1553 ele
955 1481 1120 1562 postponi,

122 1573 162 1618 vt
175 1581 222 1622 rs.
238 1560 289 1624 56.
310 1556 449 1627 αἰολικόν
467 1590 499 1627 rs
516 1571 645 1641 θαημα,·
668 1575 702 1622 ut
716 1560 812 1621 etium
826 1563 1060 1644 proemittitur,
1085 1580 1121 1626 vt

123 1643 221 1707 Iliad.
242 1643 347 1720 u‚62.
377 1643 444 1712 ἄλλ’
467 1643 519 1714 sie
542 1644 690 1725 deficisci
710 1643 821 1730 poium
842 1651 990 1729 ἐρείομεν.
1025 1647 1120 1710 Adde

123 1728 300 1790 Hermann.
322 1730 361 1791 de
380 1675 508 1796 emend.
529 1747 588 1793 rut.
611 1753 656 1817 gr.
684 1752 781 1816 grem.
803 1753 835 1814 p.
852 1731 971 1816 95.vbi
990 1731 1118 1795 deloco

125 1813 259 1875 Pindari
283 1814 381 1897 Pyth.
404 1817 446 1893 X,
461 1819 492 1882 5.
515 1815 670 1901 disputat.
715 1815 888 1878 Notandus
910 1817 1008 1878 etiam
1027 1823 1118 1880 locus

125 1898 260 1963 Theocr.
280 1901 375 1976 XIII,
391 1899 442 1965 62.
486 1905 601 1962 Kisecl.
948 1952 953 1963 1

88 1979 137 2048 55.
157 1985 276 2068 πέπλῳ]
292 1985 403 2049 Schol.
420 1984 575 2070 ἐνδύματι.
590 1986 753 2048 Iuit'vcro
768 1984 867 2047 vestis
880 1987 1045 2048 muliebris
1061 2011 1115 2050 ex-

127 2072 242 2147 terior,
266 2092 368 2154 eaque
389 2076 497 2158 louge.
522 2095 552 2135 v.
576 2070 718 2132 indicem
731 2070 950 2156 Anthologioe
962 2094 1007 2155 gr.
1028 2089 1115 2156 poet.

128 2153 159 2216 h
179 2177 208 2221 r.
229 2158 365 2218 Gesner.
389 2157 430 2217 ad
449 2157 573 2242 Orphei
588 2159 708 2300 Ατῇοῐι.
724 2157 797 2222 510.
820 2155 1117 2238 Spenhen1.edJu·
1189 2194 1194 2206 ·

127 2239 201 2300 lieni
226 2243 352 2304 Caesar.
372 2243 435 2305 sub
455 2242 549 2304 linctu
565 2259 633 2303 ctu
673 2240 865 2303 Callimachi
881 2241 924 2304 H.
943 2241 977 2302 in
993 2243 1071 2305 Pau.
1087 2266 1116 2320 7.

127 2325 1114 2476 ltittltltlltlffldlttl'lttl³333·

130 2435 220 2560 Iliad
233 2523 256 2562 t·
273 2495 345 2563 558.
365 2512 398 2558 et
413 2525 442 2585 χ.
457 2497 533 2586 469.
577 2499 676 2562 Harl.

87 2577 143 2643 54.
162 2581 389 2666 idemdodonec
412 2583 504 2643 malit
526 2584 717 2645 Valckener.
739 2593 773 2640 et
793 2580 950 2641 dederunt
969 2577 1114 2645 Brunclt.

131 2681 223 2750 atque
239 2669 335 2730 Dshl.
351 2703 394 2717 -
415 2668 556 2734 Brunck
579 2669 659 2730 item
683 2664 845 2732 veneten&
863 2697 905 2714 -
927 2664 1040 2748 ἤγουν,
1062 2663 1115 2733 κό-

125 2777 186 2834 μην
204 2757 373 2840 corbonen·
394 2755 493 2838 κομᾷν
512 2751 571 2838 γάρ
587 2759 641 2820 καὶ
653 2746 930 2837 ἰθεοράζῑινιταύτό
939 2793 948 2822 ,
971 2747 1052 2827 πλήν
1068 2751 1117 2818 ὅτι
1137 2805 1139 2811 ,

125 2836 160 2901 τό
186 2844 240 2921 μὲν
265 2843 366 2924 suppio
398 2844 465 2905 ἐστὶ
485 2834 607 2912 κοινόν,
636 2837 673 2904 cd
694 2841 726 2903 de*
751 2831 920 2917 ἔθειρᾶζεεν
943 2833 1115 2912 ποιητικόν.

124 2921 227 2987 Schol.
248 2927 383 2988 Pictura
402 2945 480 2986 vero
504 2924 765 3008 probabilitatem
812 2920 949 2982 octicem
968 2933 1002 2982 et
1023 2922 1114 3005 inge·

123 3009 210 3071 nium
231 3011 371 3093 pictoris
395 3032 419 3072 s.
441 3011 610 3093 sculptoris
626 3008 707 3070 mihi
724 2943 855 3090 quidem
870 3003 999 3068 videtur
1014 3025 1113 3088 supe-

122 3113 199 3156 rare.
222 3097 321 3160 Harl.
351 3096 455 3157 Libro
469 3115 529 3156 suo
543 3097 712 3178 sequentis
728 3089 939 3173 adscripscrat
961 3092 994 3150 T.
1008 3091 1112 3153 Hem·

122 3182 312 3242 eterhusiue:
336 3181 452 3258 „Haec
476 3201 535 3262 pro
558 3179 666 3240 minus
685 3175 847 3260 castigetis
863 3187 896 3236 et
912 3173 1041 3236 modum
1057 3197 1111 3237 ex·

125 3264 334 3339 „cedentibus
355 3263 657 3351 reprehenduntur;
681 3263 736 3325 has
760 3259 847 3322 enim
862 3259 952 3322 vives
968 3260 1110 3323 actiones

123 3353 302 3426 „caelatura
325 3372 393 3411 non
420 3347 524 3431 cupit:
548 3363 585 3410 vt
605 3349 708 3411 iustae
729 3345 930 3406 accusationi
954 3346 1111 3427 aliquate-

124 3456 204 3509 „nnc
216 3435 495 3498 subscriberenon
510 3434 665 3509 abnuero,
678 3433 727 3494 sic
742 3445 849 3491 tamen
863 3433 1008 3512 exemplu
1022 3429 1111 3512 prin-

125 3521 252 3604 „cipum
275 3535 464 3606 poetarum,
490 3517 609 3602 quibus
623 3518 721 3578 nimis
737 3527 869 3596 evagata
886 3511 1056 3575 Theocriti
1069 3513 1114 3574 li·

124 3604 449 3679 ,‚bertasexc1setur,
472 3603 607 3664 minime
624 3602 752 3663 dedunt.
770 3599 862 3666 ,Eius
876 3599 1003 3682 generis
1022 3595 1111 3659 hund

124 3711 241 3773 „peuce
262 3689 410 3753 studiose
432 3687 566 3772 collegit
586 3687 639 3751 Jo.
659 3686 747 3749 Frid.
769 3684 958 3746 Gronovius
980 3683 1016 3742 in
1029 3682 1110 3743 Die-

124 3775 224 3850 „tribe
244 3779 324 3839 stat.
346 3797 381 3859 p.
401 3791 454 3835 22.
473 3787 535 3834 etc.
566 3772 694 3834 Servius
712 3770 751 3831 ad
764 3767 881 3852 virgil.
897 3768 978 3830 Aen.
990 3767 1018 3843 I,
1036 3765 1110 3846 487.

124 3862 238 3939 ΜΠ,
255 3861 327 3928 654..
340 3869 364 3900 “
402 3857 568 3920 Niclesius
587 3857 669 3918 scite
692 3858 754 3916 itas
785 3855 911 3936 „Quae
932 3852 1111 3914 modestior

122 3945 265 4030 „quitum
286 3947 457 4008 leniturus
479 3943 596 4004 fuisset
615 3945 793 4025 μειλίγματι
813 3939 942 4021 aliquo,
973 3938 1110 4008 videtur,

120 4033 242 4111 ‚,dicas,
260 4047 381 4115 pates,
409 4028 476 4089 hoc
497 4032 550 4090 vel
573 4026 654 4087 illud
669 4025 758 4098 fieri,
782 4021 817 4084 id
831 4035 928 4106 poeta
941 4020 1013 4084 lieri
1030 4019 1112 4082 dicit

115 4120 335 4206 „simpliciten
345 4149 391 4168 -
438 4115 485 4172 Et
500 4110 619 4196 quidni
634 4113 668 4172 in
683 4113 866 4192 sculpturae
880 4105 977 4167 huius
995 4101 1113 4188 ἐκφρά-

111 4233 179 4284 „oct
200 4205 365 4294 quaedum
387 4198 573 4284 suppleriut
599 4194 769 4284 ingenium
788 4207 823 4254 ot
837 4191 1008 4277 pheutusis
1022 4209 1111 4251 euer-
