2874 5018
300 469 606 538 rnaocn1r1
646 468 922 536 1nrnn1ort
963 467 1004 542 v,
1115 491 1173 558 aar

121 648 176 718 Ex
189 645 350 735 iunipero
363 652 516 730 captumr
538 640 585 707 ibi
601 640 691 707 enim
706 639 852 708 incubat.

551 742 742 812 LACON.

121 851 168 918 At
182 871 243 940 ego
256 850 301 916 ad
314 849 444 914 laenam
459 847 595 914 mollem
607 846 739 928 lanam,
760 840 895 932 quando
908 842 1056 922 tondebo

121 953 235 1020 Ovem
250 949 395 1026 fuscam,
419 948 576 1016 Cratidae
589 948 660 1038 ipae
674 945 816 1014 donabo.

517 1049 783 1118 COMATAS.

121 1155 264 1244 Apagite
276 1153 320 1220 ab
333 1156 471 1221 oleaatro
487 1154 649 1242 capellae:
671 1151 726 1218 hic
739 1150 921 1240 pascimini,

121 1257 177 1327 Ad
194 1255 356 1322 declivem
370 1257 463 1324 hunc
474 1256 613 1332 collem,
632 1251 690 1318 vbi
705 1264 786 1317 aunt
798 1251 957 1340 myricae.

556 1353 747 1424 LACON.

126 1457 255 1549 Quina
269 1481 412 1548 querco,
432 1460 517 1527 hena
533 1468 589 1542 tu,
611 1457 761 1537 Conare,
782 1457 1029 1544 etCynactha?

122 1563 188 1629 Hic
198 1563 384 1651 pascemini
399 1563 442 1628 ad
460 1559 643 1638 orientem,
666 1559 724 1625 vbi
738 1557 908 1626 Phalaron.

529 1658 788 1730 COMATAS.

128 1765 193 1832 Eat
207 1763 291 1832 mibi
306 1766 450 1832 mulctra
461 1763 664 1854 cupressina,
686 1773 737 1828 est
749 1774 868 1845 crater,

128 1867 224 1955 Opua
237 1867 429 1934 Praxiteliet
452 1887 538 1955 quae
551 1866 684 1955 puellae
699 1883 847 1933 aeservo.

199 2129 324 2204 catiro;
356 2126 433 2193 vide
450 2129 594 2191 Dorrill.
614 2129 696 2193 Van.
720 2129 791 2191 crit.
811 2151 843 2214 p.
862 2128 927 2198 141.
950 2129 1057 2220 [Adde
1076 2133 1181 2202 licen.

200 2211 239 2274 ad
261 2215 394 2300 Gregori
417 2211 456 2274 de
479 2213 570 2278 Dial.
585 2237 618 2299 p.
637 2235 706 2296 117.
725 2228 758 2274 et
781 2236 861 2297 quoa
878 2215 957 2276 citat
971 2217 1133 2281 Matthiae
1146 2221 1182 2282 in

199 2298 336 2364 Gramm.
356 2321 402 2384 gr.
423 2307 454 2382 ᾗ.
470 2296 543 2363 512.
571 2321 600 2364 1.
625 2299 756 2375 Kiecel]
785 2301 839 2360 De
856 2302 1011 2363 varietate
1032 2303 1183 2366 vocabuli

199 2405 230 2443 v.
244 2384 376 2446 Reiclte.
419 2382 622 2445 Nominatim
642 2405 718 2447 vcro
745 2403 854 2468 caprae
876 2382 1044 2472 hircosque
1064 2403 1097 2450 et
1110 2389 1183 2452 reli-

201 2489 262 2552 qua
274 2489 391 2551 pecora
407 2467 553 2530 solebant
565 2483 690 2531 veteres
704 2489 820 2530 vocare
836 2483 870 2530 et
884 2476 1084 2556 compellare,
1100 2495 1183 2559 quae

201 2551 399 2639 consuetudo
416 2553 512 2613 etiam
531 2551 631 2614 bodie
653 2551 739 2635 apud
762 2558 879 2614 multoc
905 2571 1026 2640 regnat.
1049 2579 1095 2622 ve.
1115 2557 1183 2622 105.

199 2643 283 2704 torri
291 2637 440 2721 Callierg‚
456 2638 545 2718 (cum
558 2657 674 2718 magno
698 2635 769 2698 cdd.
783 2640 942 2721 numero).
961 2674 1005 2688 -
1021 2645 1185 2722 βοσκασεῒ.

200 2733 259 2788 σθε
275 2721 416 2786 Brunclr.
436 2735 470 2782 et
489 2720 592 2790 Dabl.
609 2721 689 2806 [lam
707 2719 856 2782 Valcken.
880 2721 915 2784 in
928 2724 989 2804 Ep.
1005 2723 1045 2784 ad
1065 2726 1185 2790 Riiver.

200 2829 232 2890 p.
248 2807 352 2870 XVII.
365 2811 514 2867 voluerat
526 2812 627 2871 ταυτεὶ
639 2809 857 2888 βοσκασεῖσθε,
870 2805 938 2868 aine
953 2806 1071 2870 idonea
1084 2830 1186 2878 causa,

205 2895 261 2976 Ii]
283 2885 437 2974 Φάλαρος,
456 2891 525 2950 aive
538 2911 597 2972 pro
615 2889 746 2951 nomine
763 2888 850 2950 canis
865 2912 936 2952 cum
944 2891 1093 2968 Heinsio,
1116 2894 1185 2957 eive

202 2999 259 3060 pro
276 2975 385 3038 arietis
401 2997 472 3035 cum
486 2975 640 3036 Valcken.
653 2974 688 3032 in
701 2975 762 3057 Ep.
777 2973 817 3035 ud
831 2977 915 3038 va.
927 2997 960 3058 p.
976 2999 1001 3040 c.
1016 2977 1183 3057 habeatur,

199 3083 263 3124 non
277 3065 413 3122 multum
425 3059 570 3123 interest.
593 3059 739 3135 [Rectius
756 3075 860 3120 tamen
875 3061 1071 3146 intelligitur
1090 3069 1185 3130 crire.

203 3141 352 3232 licimpoc
367 3157 399 3204 et
416 3145 576 3216 Koreton.
598 3164 657 3226 pro
673 3164 738 3226 quo
754 3159 828 3206 octo
844 3143 915 3207 cdd.
942 3145 1093 3223 Karnion,
1111 3163 1187 3210 eunt

203 3231 334 3292 nomina
355 3228 441 3288 birci
463 3241 495 3288 ct
510 3249 633 3310 caprae.
658 3227 716 3312 Κ]
740 3249 831 3289 moue
848 3245 931 3292 certe
950 3229 982 3292 h.
998 3236 1021 3294 1.
1043 3255 1108 3294 non
1123 3223 1185 3309 eet,

204 3314 252 3375 vti
289 3313 396 3374 uidam
406 3327 569 3393 putarunt.
584 3336 616 3375 v.
633 3311 805 3394 Schol.[1n
822 3313 967 3397 plurimis
986 3316 1056 3383 cdd.
1065 3312 1188 3396 cimicia,

207 3339 293 3482 qual
309 3397 463 3459 Reirkius
479 3411 576 3481 negat
596 3418 630 3458 ee
644 3397 750 3458 intelli
774 3419 836 3460 cre.
879 3399 950 3460 Nec
966 3401 1041 3462 catis
1057 3406 1187 3488 vulgata

205 3485 235 3545 ei
252 3488 376 3568 placet,
411 3504 510 3566 quum
530 3482 690 3542 sententia
711 3419 859 3544 videatur
888 3489 1050 3564 postulare
1070 3507 1188 3548 nomen

205 3567 327 3630 arboria
350 3565 487 3626 alicuius
512 3581 568 3626 aut
594 3565 725 3628 arbusti.
770 3568 810 3625 In
834 3565 942 3627 eadem
962 3569 1119 3652 opinione
1142 3583 1190 3631 eet

207 3651 369 3728 Graefiua,
395 3651 451 3736 qui
472 3664 577 3712 tamen
598 3649 685 3710 nihil
704 3649 849 3726 extudit,
877 3652 965 3736 quod
985 3653 1188 3715 satisfaciat.

206 3737 246 3813 big
267 3759 334 3797 non
349 3748 396 3794 eet
418 3735 695 3815 quemadmodum,
721 3735 776 3796 ced
789 3735 849 3796 nbi.
864 3737 1002 3799 -Cum
1017 3737 1191 3800 Schaeiero

209 3821 335 3908 signum
353 3818 619 3903 interrogationis
637 3835 711 3903 poet
733 3822 882 3886 Horrida
894 3823 1009 3904 posui,
1033 3827 1129 3906 plene
1144 3820 1192 3882 di·

206 3909 473 3990 stinguentepoat
488 3901 643 3988 Φάλαρος.
689 3903 823 3989 meari]

168 4005 235 4072 104.
261 4009 329 4070 105.
351 3999 452 4070 irriti
462 4009 530 4085 ἐμὶν
542 4002 772 4086 queldo—ivri
786 4009 819 4070 dd
834 4002 948 4094 κρατήρ
961 4006 1122 4082 Brunca,
1147 4019 1194 4067 at·

206 4112 271 4176 que
293 4088 390 4174 pauci
412 4087 505 4152 codd.
524 4105 557 4152 et
570 4089 720 4178 Callierg.
742 4089 898 4176 praebent
912 4097 974 4160 ini
987 4097 1194 4176 provulgato

207 4180 282 4244 icti·
315 4171 465 4263 [Kpmrip
480 4195 539 4261 pro
556 4173 670 4262 κρητοίρ
686 4199 758 4238 cum
774 4175 916 4244 liruuclt.
932 4193 964 4240 et
978 4173 1138 4238 Gabicrd
1155 4194 1197 4236 ex
