<?xml version="1.0" encoding="UTF-8"?>
<!DOCTYPE html PUBLIC "-//W3C//DTD XHTML 1.0 Transitional//EN"
    "http://www.w3.org/TR/xhtml1/DTD/xhtml1-transitional.dtd">
<html xmlns="http://www.w3.org/1999/xhtml" xml:lang="en" lang="en">
 <head>
  <title>
</title>
<meta http-equiv="Content-Type" content="text/html;charset=utf-8" />
  <meta name='ocr-system' content='tesseract 3.04.00' />
  <meta name='ocr-capabilities' content='ocr_page ocr_carea ocr_par ocr_line ocrx_word'/>
</head>
<body>
  <div class='ocr_page' id='page_1' title='image "./theocritireliqv00kiesgoog_0774.png"; bbox 0 0 2942 5014; ppageno 0'>
   <div class='ocr_carea' id='block_1_1' title="bbox 475 463 1219 546">
    <p class='ocr_par' dir='ltr' id='par_1_1' title="bbox 475 463 1219 546">
     <span class='ocr_line' id='line_1_1' title="bbox 475 463 1219 546; baseline 0.003 -20"><span class='ocrx_word' id='word_1_1' title='bbox 475 463 905 528; x_wconf 69' lang='grc' dir='ltr'><em>ΕΠΙΓΡΑΜΜΑΤΑ.</em></span> <span class='ocrx_word' id='word_1_2' title='bbox 1156 463 1219 546; x_wconf 79' lang='lat'><strong>76⁵</strong></span> 
     </span>
    </p>
   </div>
   <div class='ocr_carea' id='block_1_2' title="bbox 145 625 1241 1337">
    <p class='ocr_par' dir='ltr' id='par_1_2' title="bbox 145 625 1241 1337">
     <span class='ocr_line' id='line_1_2' title="bbox 159 625 1216 718; baseline -0.005 -17"><span class='ocrx_word' id='word_1_3' title='bbox 159 631 268 702; x_wconf 85' lang='lat' dir='ltr'>Aram</span> <span class='ocrx_word' id='word_1_4' title='bbox 284 640 399 696; x_wconf 86' lang='lat' dir='ltr'><strong>autem</strong></span> <span class='ocrx_word' id='word_1_5' title='bbox 414 629 578 717; x_wconf 82' lang='lat' dir='ltr'><strong>sanguine</strong></span> <span class='ocrx_word' id='word_1_6' title='bbox 592 627 725 696; x_wconf 84' lang='lat' dir='ltr'><strong>imbuet</strong></span> <span class='ocrx_word' id='word_1_7' title='bbox 736 638 897 694; x_wconf 86' lang='lat' dir='ltr'><strong>cornutus</strong></span> <span class='ocrx_word' id='word_1_8' title='bbox 905 625 1019 694; x_wconf 86' lang='lat' dir='ltr'><strong>hircus</strong></span> <span class='ocrx_word' id='word_1_9' title='bbox 1033 626 1096 694; x_wconf 88' lang='lat' dir='ltr'><strong>iste</strong></span> <span class='ocrx_word' id='word_1_10' title='bbox 1107 629 1216 718; x_wconf 89' lang='lat' dir='ltr'><strong>albus,</strong></span> 
     </span>
     <span class='ocr_line' id='line_1_3' title="bbox 244 731 1008 800; baseline -0.004 0"><span class='ocrx_word' id='word_1_11' title='bbox 244 731 441 800; x_wconf 83' lang='lat' dir='ltr'><strong>Terebinthi</strong></span> <span class='ocrx_word' id='word_1_12' title='bbox 456 731 634 800; x_wconf 86' lang='lat' dir='ltr'><strong>comedens</strong></span> <span class='ocrx_word' id='word_1_13' title='bbox 650 744 847 798; x_wconf 86' lang='lat' dir='ltr'><strong>extremum</strong></span> <span class='ocrx_word' id='word_1_14' title='bbox 860 752 1008 797; x_wconf 85' lang='lat' dir='ltr'><strong>ramum.</strong></span> 
     </span>
     <span class='ocr_line' id='line_1_4' title="bbox 532 834 823 908; baseline -0.01 -7"><span class='ocrx_word' id='word_1_15' title='bbox 532 865 535 872; x_wconf 94' lang='lat'>·</span> <span class='ocrx_word' id='word_1_16' title='bbox 553 834 732 906; x_wconf 86' lang='lat' dir='ltr'><strong>ALIVD.</strong></span> <span class='ocrx_word' id='word_1_17' title='bbox 774 835 823 908; x_wconf 89' lang='lat'><strong>11.</strong></span> 
     </span>
     <span class='ocr_line' id='line_1_5' title="bbox 160 935 1168 1028; baseline -0.002 -19"><span class='ocrx_word' id='word_1_18' title='bbox 160 937 313 1028; x_wconf 78' lang='lat' dir='ltr'><strong>Daphnis</strong></span> <span class='ocrx_word' id='word_1_19' title='bbox 325 937 382 1006; x_wconf 88' lang='lat' dir='ltr'><strong>ille</strong></span> <span class='ocrx_word' id='word_1_20' title='bbox 395 936 575 1018; x_wconf 88' lang='lat' dir='ltr'><strong>candidus,</strong></span> <span class='ocrx_word' id='word_1_21' title='bbox 598 938 655 1024; x_wconf 90' lang='lat' dir='ltr'><strong>qui</strong></span> <span class='ocrx_word' id='word_1_22' title='bbox 669 940 787 1026; x_wconf 86' lang='lat' dir='ltr'><strong>pulcra</strong></span> <span class='ocrx_word' id='word_1_23' title='bbox 802 935 915 1004; x_wconf 84' lang='lat' dir='ltr'><strong>fistula</strong></span> <span class='ocrx_word' id='word_1_24' title='bbox 928 936 1168 1017; x_wconf 70' lang='lat' dir='ltr'><strong>modulabatur</strong></span> 
     </span>
     <span class='ocr_line' id='line_1_6' title="bbox 145 1037 1043 1130; baseline -0.003 -22"><span class='ocrx_word' id='word_1_25' title='bbox 145 1043 148 1054; x_wconf 87' lang='lat'>&#39;</span> <span class='ocrx_word' id='word_1_26' title='bbox 248 1041 421 1110; x_wconf 89' lang='lat' dir='ltr'><strong>Bucolicos</strong></span> <span class='ocrx_word' id='word_1_27' title='bbox 434 1043 599 1130; x_wconf 80' lang='lat' dir='ltr'>hymnos,</span> <span class='ocrx_word' id='word_1_28' title='bbox 622 1037 791 1106; x_wconf 82' lang='lat' dir='ltr'><strong>dedicavit</strong></span> <span class='ocrx_word' id='word_1_29' title='bbox 803 1038 886 1104; x_wconf 88' lang='lat' dir='ltr'><strong>Pani</strong></span> <span class='ocrx_word' id='word_1_30' title='bbox 902 1037 1043 1105; x_wconf 80' lang='lat' dir='ltr'>haecce:</span> 
     </span>
     <span class='ocr_line' id='line_1_7' title="bbox 158 1129 1229 1232; baseline -0.007 -18"><span class='ocrx_word' id='word_1_31' title='bbox 158 1143 348 1214; x_wconf 75' lang='lat' dir='ltr'><strong>Perforsns</strong></span> <span class='ocrx_word' id='word_1_32' title='bbox 366 1129 568 1227; x_wconf 68' lang='lat' dir='ltr'><strong>arundines,</strong></span> <span class='ocrx_word' id='word_1_33' title='bbox 590 1141 737 1232; x_wconf 80' lang='lat' dir='ltr'><strong>pedum,</strong></span> <span class='ocrx_word' id='word_1_34' title='bbox 759 1145 898 1208; x_wconf 87' lang='lat' dir='ltr'><strong>acutum</strong></span> <span class='ocrx_word' id='word_1_35' title='bbox 913 1140 1075 1220; x_wconf 88' lang='lat' dir='ltr'><strong>iaculum,</strong></span> <span class='ocrx_word' id='word_1_36' title='bbox 1225 1225 1229 1232; x_wconf 31' lang='grc' dir='ltr'>Ι</span> 
     </span>
     <span class='ocr_line' id='line_1_8' title="bbox 243 1242 1241 1337; baseline 0.009 -23"><span class='ocrx_word' id='word_1_37' title='bbox 243 1248 370 1316; x_wconf 86' lang='lat' dir='ltr'><strong>Pellem</strong></span> <span class='ocrx_word' id='word_1_38' title='bbox 386 1249 579 1333; x_wconf 83' lang='lat' dir='ltr'><strong>corvinam,</strong></span> <span class='ocrx_word' id='word_1_39' title='bbox 607 1267 745 1334; x_wconf 82' lang='lat' dir='ltr'><strong>peram,</strong></span> <span class='ocrx_word' id='word_1_40' title='bbox 774 1242 931 1334; x_wconf 88' lang='lat' dir='ltr'><strong>quaolim</strong></span> <span class='ocrx_word' id='word_1_41' title='bbox 945 1268 1047 1336; x_wconf 88' lang='lat' dir='ltr'><strong>poma</strong></span> <span class='ocrx_word' id='word_1_42' title='bbox 1062 1251 1222 1337; x_wconf 77' lang='lat' dir='ltr'><strong>gestabat.</strong></span> <span class='ocrx_word' id='word_1_43' title='bbox 1238 1319 1241 1322; x_wconf 91' lang='lat'><strong>.</strong></span> 
     </span>
    </p>
   </div>
   <div class='ocr_carea' id='block_1_3' title="bbox 158 1423 368 1444">
    <p class='ocr_par' dir='ltr' id='par_1_3' title="bbox 158 1423 368 1444">
     <span class='ocr_line' id='line_1_9' title="bbox 158 1423 368 1444; baseline 0.014 -6"><span class='ocrx_word' id='word_1_44' title='bbox 158 1423 368 1444; x_wconf 42' lang='grc' dir='ltr'><strong>ἡ</strong></span> 
     </span>
    </p>
   </div>
   <div class='ocr_carea' id='block_1_4' title="bbox 179 1507 1221 1759">
    <p class='ocr_par' dir='ltr' id='par_1_4' title="bbox 179 1507 1221 1759">
     <span class='ocr_line' id='line_1_10' title="bbox 179 1507 1221 1602; baseline 0.005 -26"><span class='ocrx_word' id='word_1_45' title='bbox 179 1529 209 1576; x_wconf 81' lang='lat'><strong>2·</strong></span> <span class='ocrx_word' id='word_1_46' title='bbox 231 1511 414 1591; x_wconf 69' lang='lat' dir='ltr'><strong>Buaoisaoic</strong></span> <span class='ocrx_word' id='word_1_47' title='bbox 426 1511 530 1596; x_wconf 74' lang='grc' dir='ltr'><strong><em>ὕμνως</em></strong></span> <span class='ocrx_word' id='word_1_48' title='bbox 547 1534 620 1574; x_wconf 88' lang='lat' dir='ltr'><strong>cum</strong></span> <span class='ocrx_word' id='word_1_49' title='bbox 634 1509 817 1590; x_wconf 79' lang='lat' dir='ltr'><strong>Bruncltio,</strong></span> <span class='ocrx_word' id='word_1_50' title='bbox 849 1509 1004 1576; x_wconf 80' lang='lat' dir='ltr'><strong>Valcken.</strong></span> <span class='ocrx_word' id='word_1_51' title='bbox 1020 1507 1158 1602; x_wconf 87' lang='lat' dir='ltr'><strong>aliisque</strong></span> <span class='ocrx_word' id='word_1_52' title='bbox 1172 1539 1221 1582; x_wconf 87' lang='lat' dir='ltr'><strong>re·</strong></span> 
     </span>
     <span class='ocr_line' id='line_1_11' title="bbox 223 1595 1218 1743; baseline 0.007 -84"><span class='ocrx_word' id='word_1_53' title='bbox 223 1599 366 1681; x_wconf 83' lang='lat' dir='ltr'><strong>cepimus</strong></span> <span class='ocrx_word' id='word_1_54' title='bbox 411 1621 448 1660; x_wconf 89' lang='lat' dir='ltr'><strong>ro</strong></span> <span class='ocrx_word' id='word_1_55' title='bbox 472 1604 608 1743; x_wconf 71' lang='lat' dir='ltr'><strong>vulqpto</strong></span> <span class='ocrx_word' id='word_1_56' title='bbox 632 1595 830 1698; x_wconf 64' lang='lat' dir='ltr'><strong>fiovuolsaqsia</strong></span> <span class='ocrx_word' id='word_1_57' title='bbox 849 1598 981 1682; x_wconf 75' lang='lat' dir='ltr'><strong>ipsave,</strong></span> <span class='ocrx_word' id='word_1_58' title='bbox 1012 1601 1099 1700; x_wconf 76' lang='lat' dir='ltr'><strong>quael</strong></span> <span class='ocrx_word' id='word_1_59' title='bbox 1121 1605 1218 1666; x_wconf 85' lang='lat' dir='ltr'><strong>etiam</strong></span> 
     </span>
     <span class='ocr_line' id='line_1_12' title="bbox 219 1682 1219 1759; baseline 0.006 -15"><span class='ocrx_word' id='word_1_60' title='bbox 219 1683 356 1747; x_wconf 86' lang='lat' dir='ltr'><strong>Anthol.</strong></span> <span class='ocrx_word' id='word_1_61' title='bbox 406 1684 436 1746; x_wconf 88' lang='lat' dir='ltr'><strong>d.</strong></span> <span class='ocrx_word' id='word_1_62' title='bbox 452 1685 525 1746; x_wconf 85' lang='lat' dir='ltr'><strong>Vat.</strong></span> <span class='ocrx_word' id='word_1_63' title='bbox 564 1683 654 1759; x_wconf 88' lang='lat' dir='ltr'><strong>abet,</strong></span> <span class='ocrx_word' id='word_1_64' title='bbox 688 1696 722 1743; x_wconf 92' lang='lat' dir='ltr'><strong>et</strong></span> <span class='ocrx_word' id='word_1_65' title='bbox 733 1682 846 1746; x_wconf 81' lang='lat' dir='ltr'><strong>Ressk.</strong></span> <span class='ocrx_word' id='word_1_66' title='bbox 867 1705 908 1745; x_wconf 81' lang='lat' dir='ltr'><strong>ex</strong></span> <span class='ocrx_word' id='word_1_67' title='bbox 922 1700 1002 1746; x_wconf 87' lang='lat' dir='ltr'><strong>vett.</strong></span> <span class='ocrx_word' id='word_1_68' title='bbox 1015 1685 1107 1748; x_wconf 79' lang='lat' dir='ltr'><strong>libris</strong></span> <span class='ocrx_word' id='word_1_69' title='bbox 1125 1688 1219 1750; x_wconf 83' lang='lat' dir='ltr'><strong>redu·</strong></span> 
     </span>
    </p>
   </div>
   <div class='ocr_carea' id='block_1_5' title="bbox 223 1764 1019 1854">
    <p class='ocr_par' dir='ltr' id='par_1_5' title="bbox 223 1764 1019 1854">
     <span class='ocr_line' id='line_1_13' title="bbox 223 1764 1019 1854; baseline 0.005 -26"><span class='ocrx_word' id='word_1_70' title='bbox 223 1769 283 1834; x_wconf 79' lang='lat' dir='ltr'><strong>xit.</strong></span> <span class='ocrx_word' id='word_1_71' title='bbox 324 1769 474 1832; x_wconf 88' lang='lat' dir='ltr'><strong>Iuniores</strong></span> <span class='ocrx_word' id='word_1_72' title='bbox 489 1767 651 1830; x_wconf 88' lang='lat' dir='ltr'><strong>editiones</strong></span> <span class='ocrx_word' id='word_1_73' title='bbox 664 1764 861 1854; x_wconf 74' lang='grc' dir='ltr'><strong>βωκολικούς.</strong></span> <span class='ocrx_word' id='word_1_74' title='bbox 902 1773 1019 1832; x_wconf 83' lang='lat' dir='ltr'><strong>Kiessl.</strong></span> 
     </span>
    </p>
   </div>
   <div class='ocr_carea' id='block_1_6' title="bbox 180 1886 1220 3052">
    <p class='ocr_par' dir='ltr' id='par_1_6' title="bbox 180 1886 1220 3052">
     <span class='ocr_line' id='line_1_14' title="bbox 180 1886 1220 1975; baseline -0.003 -21"><span class='ocrx_word' id='word_1_75' title='bbox 180 1887 210 1959; x_wconf 78' lang='grc'><strong>5.</strong></span> <span class='ocrx_word' id='word_1_76' title='bbox 233 1887 315 1952; x_wconf 87' lang='lat' dir='ltr'><strong>Cum</strong></span> <span class='ocrx_word' id='word_1_77' title='bbox 329 1889 515 1966; x_wconf 85' lang='lat' dir='ltr'><strong>Brunckio,</strong></span> <span class='ocrx_word' id='word_1_78' title='bbox 540 1887 712 1964; x_wconf 77' lang='lat' dir='ltr'><strong>Valcken,</strong></span> <span class='ocrx_word' id='word_1_79' title='bbox 735 1886 861 1950; x_wconf 85' lang='lat' dir='ltr'><strong>Dahlio</strong></span> <span class='ocrx_word' id='word_1_80' title='bbox 884 1904 917 1951; x_wconf 92' lang='lat' dir='ltr'><strong>et</strong></span> <span class='ocrx_word' id='word_1_81' title='bbox 931 1890 1080 1952; x_wconf 84' lang='lat' dir='ltr'><strong>Iacobsio</strong></span> <span class='ocrx_word' id='word_1_82' title='bbox 1096 1890 1220 1975; x_wconf 83' lang='lat' dir='ltr'><strong>recepi·</strong></span> 
     </span>
     <span class='ocr_line' id='line_1_15' title="bbox 219 1971 1217 2059; baseline 0.003 -24"><span class='ocrx_word' id='word_1_83' title='bbox 219 1999 290 2037; x_wconf 89' lang='lat' dir='ltr'><strong>mus</strong></span> <span class='ocrx_word' id='word_1_84' title='bbox 311 1973 570 2037; x_wconf 78' lang='lat' dir='ltr'><strong>emendationem</strong></span> <span class='ocrx_word' id='word_1_85' title='bbox 593 1973 738 2035; x_wconf 85' lang='lat' dir='ltr'><strong>Salmasii</strong></span> <span class='ocrx_word' id='word_1_86' title='bbox 761 1971 801 2034; x_wconf 88' lang='lat' dir='ltr'><strong>ad</strong></span> <span class='ocrx_word' id='word_1_87' title='bbox 816 1971 919 2038; x_wconf 87' lang='lat' dir='ltr'><strong>Solin.</strong></span> <span class='ocrx_word' id='word_1_88' title='bbox 942 1979 979 2037; x_wconf 91' lang='lat' dir='ltr'><strong>T.</strong></span> <span class='ocrx_word' id='word_1_89' title='bbox 994 1977 1021 2037; x_wconf 93' lang='lat' dir='ltr'><strong>I.</strong></span> <span class='ocrx_word' id='word_1_90' title='bbox 1041 1998 1073 2059; x_wconf 88' lang='lat' dir='ltr'><strong>p.</strong></span> <span class='ocrx_word' id='word_1_91' title='bbox 1090 1978 1162 2050; x_wconf 81' lang='lat'><strong>585.</strong></span> <span class='ocrx_word' id='word_1_92' title='bbox 1176 1976 1217 2038; x_wconf 81' lang='grc' dir='ltr'><strong>Α.</strong></span> 
     </span>
     <span class='ocr_line' id='line_1_16' title="bbox 220 2057 1218 2144; baseline 0.001 -23"><span class='ocrx_word' id='word_1_93' title='bbox 220 2059 399 2144; x_wconf 85' lang='lat' dir='ltr'><strong>proditam,</strong></span> <span class='ocrx_word' id='word_1_94' title='bbox 432 2061 627 2121; x_wconf 86' lang='lat' dir='ltr'><strong>aWartono</strong></span> <span class='ocrx_word' id='word_1_95' title='bbox 644 2073 676 2120; x_wconf 89' lang='lat' dir='ltr'><strong>et</strong></span> <span class='ocrx_word' id='word_1_96' title='bbox 690 2057 772 2120; x_wconf 86' lang='lat' dir='ltr'><strong>Bod.</strong></span> <span class='ocrx_word' id='word_1_97' title='bbox 788 2080 805 2117; x_wconf 90' lang='lat' dir='ltr'><strong>a</strong></span> <span class='ocrx_word' id='word_1_98' title='bbox 822 2059 931 2142; x_wconf 88' lang='lat' dir='ltr'><strong>Stapel</strong></span> <span class='ocrx_word' id='word_1_99' title='bbox 946 2059 986 2121; x_wconf 88' lang='lat' dir='ltr'><strong>ad</strong></span> <span class='ocrx_word' id='word_1_100' title='bbox 1003 2061 1218 2142; x_wconf 86' lang='lat' dir='ltr'><strong>Theophrast.</strong></span> 
     </span>
     <span class='ocr_line' id='line_1_17' title="bbox 221 2143 1219 2228; baseline 0.006 -26"><span class='ocrx_word' id='word_1_101' title='bbox 221 2147 281 2209; x_wconf 88' lang='lat' dir='ltr'><strong>IV.</strong></span> <span class='ocrx_word' id='word_1_102' title='bbox 304 2167 337 2228; x_wconf 88' lang='lat' dir='ltr'><strong>p.</strong></span> <span class='ocrx_word' id='word_1_103' title='bbox 350 2148 423 2226; x_wconf 81' lang='grc'><strong>478.</strong></span> <span class='ocrx_word' id='word_1_104' title='bbox 445 2143 612 2224; x_wconf 87' lang='lat' dir='ltr'><strong>probatam</strong></span> <span class='ocrx_word' id='word_1_105' title='bbox 635 2157 732 2224; x_wconf 87' lang='lat' dir='ltr'><strong>atque</strong></span> <span class='ocrx_word' id='word_1_106' title='bbox 754 2143 816 2203; x_wconf 82' lang='lat' dir='ltr'><strong>ism</strong></span> <span class='ocrx_word' id='word_1_107' title='bbox 839 2143 878 2203; x_wconf 84' lang='lat' dir='ltr'><strong>ab</strong></span> <span class='ocrx_word' id='word_1_108' title='bbox 893 2145 1027 2206; x_wconf 87' lang='lat' dir='ltr'><strong>Anthol.</strong></span> <span class='ocrx_word' id='word_1_109' title='bbox 1051 2147 1128 2208; x_wconf 88' lang='lat' dir='ltr'><strong>MS.</strong></span> <span class='ocrx_word' id='word_1_110' title='bbox 1146 2146 1219 2208; x_wconf 77' lang='lat' dir='ltr'><strong>Vat·</strong></span> 
     </span>
     <span class='ocr_line' id='line_1_18' title="bbox 223 2224 1217 2316; baseline 0.001 -26"><span class='ocrx_word' id='word_1_111' title='bbox 223 2245 425 2314; x_wconf 82' lang='lat' dir='ltr'><strong>quatuorque</strong></span> <span class='ocrx_word' id='word_1_112' title='bbox 439 2225 521 2289; x_wconf 83' lang='lat' dir='ltr'><strong>cdd.</strong></span> <span class='ocrx_word' id='word_1_113' title='bbox 539 2226 624 2310; x_wconf 82' lang='lat' dir='ltr'><strong>apud</strong></span> <span class='ocrx_word' id='word_1_114' title='bbox 643 2228 746 2288; x_wconf 85' lang='lat' dir='ltr'><strong>Gaisf.</strong></span> <span class='ocrx_word' id='word_1_115' title='bbox 763 2227 799 2286; x_wconf 89' lang='lat' dir='ltr'><strong>in</strong></span> <span class='ocrx_word' id='word_1_116' title='bbox 816 2227 934 2309; x_wconf 85' lang='lat' dir='ltr'><strong>quibus</strong></span> <span class='ocrx_word' id='word_1_117' title='bbox 951 2244 1000 2290; x_wconf 89' lang='lat' dir='ltr'><strong>est</strong></span> <span class='ocrx_word' id='word_1_118' title='bbox 1017 2224 1143 2316; x_wconf 71' lang='grc' dir='ltr'><em>τρητοῦς</em></span> <span class='ocrx_word' id='word_1_119' title='bbox 1156 2253 1217 2314; x_wconf 88' lang='lat' dir='ltr'><strong>pro</strong></span> 
     </span>
     <span class='ocr_line' id='line_1_19' title="bbox 221 2309 1217 2398; baseline -0.002 -20"><span class='ocrx_word' id='word_1_120' title='bbox 221 2319 356 2398; x_wconf 82' lang='lat' dir='ltr'><strong>vulgato</strong></span> <span class='ocrx_word' id='word_1_121' title='bbox 371 2311 534 2394; x_wconf 77' lang='grc' dir='ltr'><strong><em>τρισσούς,</em></strong></span> <span class='ocrx_word' id='word_1_122' title='bbox 556 2309 793 2384; x_wconf 83' lang='lat' dir='ltr'><strong>confirmatam,</strong></span> <span class='ocrx_word' id='word_1_123' title='bbox 815 2310 949 2394; x_wconf 79' lang='grc' dir='ltr'><strong><em>τρητώς,</em></strong></span> <span class='ocrx_word' id='word_1_124' title='bbox 972 2313 994 2374; x_wconf 86' lang='lat' dir='ltr'><strong>i.</strong></span> <span class='ocrx_word' id='word_1_125' title='bbox 1020 2337 1047 2377; x_wconf 86' lang='lat' dir='ltr'><strong>e.</strong></span> <span class='ocrx_word' id='word_1_126' title='bbox 1063 2317 1217 2391; x_wconf 81' lang='lat' dir='ltr'><strong>fistulam</strong></span> 
     </span>
     <span class='ocr_line' id='line_1_20' title="bbox 219 2395 1217 2546; baseline 0.001 -3"><span class='ocrx_word' id='word_1_127' title='bbox 219 2395 673 2543; x_wconf 56' lang='lat' dir='ltr'><strong>{ittililsslitlffilllf</strong></span> <span class='ocrx_word' id='word_1_128' title='bbox 688 2397 1217 2546; x_wconf 40' lang='lat' dir='ltr'><strong>0qqqqqqpimeqsqqmmqqqns</strong></span> 
     </span>
     <span class='ocr_line' id='line_1_21' title="bbox 218 2503 1216 2650; baseline 0.008 -22"><span class='ocrx_word' id='word_1_129' title='bbox 218 2567 280 2628; x_wconf 91' lang='lat'><strong>111.</strong></span> <span class='ocrx_word' id='word_1_130' title='bbox 297 2565 357 2643; x_wconf 70' lang='lat' dir='ltr'><strong>soie</strong></span> <span class='ocrx_word' id='word_1_131' title='bbox 370 2563 487 2650; x_wconf 65' lang='grc' dir='ltr'><strong>τρητωζ·</strong></span> <span class='ocrx_word' id='word_1_132' title='bbox 504 2561 644 2642; x_wconf 75' lang='grc' dir='ltr'><strong>δόνακας,</strong></span> <span class='ocrx_word' id='word_1_133' title='bbox 666 2503 806 2642; x_wconf 74' lang='lat' dir='ltr'><strong>co&#39;qvoixoe</strong></span> <span class='ocrx_word' id='word_1_134' title='bbox 820 2563 897 2644; x_wconf 78' lang='grc' dir='ltr'>τόδε,</span> <span class='ocrx_word' id='word_1_135' title='bbox 911 2601 956 2618; x_wconf 88' lang='lat'><strong>·-</strong></span> <span class='ocrx_word' id='word_1_136' title='bbox 970 2506 1111 2636; x_wconf 54' lang='lat' dir='ltr'><strong>”Aeliano</strong></span> <span class='ocrx_word' id='word_1_137' title='bbox 1127 2507 1216 2637; x_wconf 74' lang='lat' dir='ltr'><strong>nait</strong></span> 
     </span>
     <span class='ocr_line' id='line_1_22' title="bbox 220 2649 1217 2743; baseline -0.002 -25"><span class='ocrx_word' id='word_1_138' title='bbox 220 2654 312 2735; x_wconf 75' lang='grc' dir='ltr'><em>φίλῳ,</em></span> <span class='ocrx_word' id='word_1_139' title='bbox 331 2649 655 2735; x_wconf 71' lang='grc' dir='ltr'><strong>Λάφνιγυναικοφὶλα.</strong></span> <span class='ocrx_word' id='word_1_140' title='bbox 681 2649 778 2711; x_wconf 84' lang='lat' dir='ltr'><strong>conf.</strong></span> <span class='ocrx_word' id='word_1_141' title='bbox 793 2651 1116 2716; x_wconf 80' lang='lat' dir='ltr'><strong>Iacobs.Lectionem</strong></span> <span class='ocrx_word' id='word_1_142' title='bbox 1128 2682 1217 2743; x_wconf 63' lang='lat' dir='ltr'><strong>epto-</strong></span> 
     </span>
     <span class='ocr_line' id='line_1_23' title="bbox 220 2732 1214 2836; baseline 0.002 -34"><span class='ocrx_word' id='word_1_143' title='bbox 220 2735 281 2812; x_wconf 67' lang='lat' dir='ltr'><strong>onie</strong></span> <span class='ocrx_word' id='word_1_144' title='bbox 298 2735 382 2836; x_wconf 73' lang='lat' dir='ltr'><strong>(eine</strong></span> <span class='ocrx_word' id='word_1_145' title='bbox 399 2737 539 2819; x_wconf 80' lang='lat' dir='ltr'><strong>Syringa</strong></span> <span class='ocrx_word' id='word_1_146' title='bbox 560 2755 616 2794; x_wconf 88' lang='lat' dir='ltr'><strong>aus</strong></span> <span class='ocrx_word' id='word_1_147' title='bbox 637 2732 706 2796; x_wconf 84' lang='lat' dir='ltr'><strong>drei</strong></span> <span class='ocrx_word' id='word_1_148' title='bbox 718 2733 867 2820; x_wconf 80' lang='lat' dir='ltr'><strong>Riihren)</strong></span> <span class='ocrx_word' id='word_1_149' title='bbox 885 2753 990 2800; x_wconf 87' lang='lat' dir='ltr'><strong>tamen</strong></span> <span class='ocrx_word' id='word_1_150' title='bbox 1008 2753 1117 2801; x_wconf 89' lang='lat' dir='ltr'><strong>tuetur</strong></span> <span class='ocrx_word' id='word_1_151' title='bbox 1129 2745 1154 2805; x_wconf 90' lang='lat' dir='ltr'><strong>l.</strong></span> <span class='ocrx_word' id='word_1_152' title='bbox 1169 2743 1214 2804; x_wconf 91' lang='lat' dir='ltr'><strong>H.</strong></span> 
     </span>
     <span class='ocr_line' id='line_1_24' title="bbox 219 2820 1218 2907; baseline 0.004 -23"><span class='ocrx_word' id='word_1_153' title='bbox 219 2821 351 2883; x_wconf 75' lang='lat' dir='ltr'><strong>Vossius</strong></span> <span class='ocrx_word' id='word_1_154' title='bbox 381 2820 420 2881; x_wconf 85' lang='lat' dir='ltr'><strong>ad</strong></span> <span class='ocrx_word' id='word_1_155' title='bbox 444 2821 557 2904; x_wconf 78' lang='lat' dir='ltr'><strong>Virgil.</strong></span> <span class='ocrx_word' id='word_1_156' title='bbox 579 2821 650 2884; x_wconf 85' lang='lat' dir='ltr'><strong>Ecl.</strong></span> <span class='ocrx_word' id='word_1_157' title='bbox 680 2843 711 2903; x_wconf 90' lang='lat' dir='ltr'><strong>p.</strong></span> <span class='ocrx_word' id='word_1_158' title='bbox 727 2839 776 2902; x_wconf 82' lang='lat'><strong>72.</strong></span> <span class='ocrx_word' id='word_1_159' title='bbox 801 2855 845 2870; x_wconf 89' lang='lat'>-</span> <span class='ocrx_word' id='word_1_160' title='bbox 864 2824 919 2884; x_wconf 90' lang='lat' dir='ltr'><strong>De</strong></span> <span class='ocrx_word' id='word_1_161' title='bbox 945 2824 1102 2888; x_wconf 87' lang='lat' dir='ltr'><strong>vocabulo</strong></span> <span class='ocrx_word' id='word_1_162' title='bbox 1127 2825 1218 2907; x_wconf 76' lang='grc' dir='ltr'><strong><em>δόναξ</em></strong></span> 
     </span>
     <span class='ocr_line' id='line_1_25' title="bbox 218 2904 1216 3051; baseline 0.007 -85"><span class='ocrx_word' id='word_1_163' title='bbox 218 2905 385 3051; x_wconf 64' lang='lat' dir='ltr'><strong>Harlelsius</strong></span> <span class='ocrx_word' id='word_1_164' title='bbox 400 2906 478 2966; x_wconf 86' lang='lat' dir='ltr'><strong>citat</strong></span> <span class='ocrx_word' id='word_1_165' title='bbox 494 2909 669 2986; x_wconf 85' lang='lat' dir='ltr'><strong>Lampium</strong></span> <span class='ocrx_word' id='word_1_166' title='bbox 684 2904 723 2967; x_wconf 92' lang='lat' dir='ltr'><strong>de</strong></span> <span class='ocrx_word' id='word_1_167' title='bbox 739 2906 894 2989; x_wconf 85' lang='lat' dir='ltr'><strong>cymbalis</strong></span> <span class='ocrx_word' id='word_1_168' title='bbox 909 2923 1054 2974; x_wconf 76' lang='lat' dir='ltr'><strong>veterum</strong></span> <span class='ocrx_word' id='word_1_169' title='bbox 1066 2934 1100 2996; x_wconf 88' lang='lat' dir='ltr'><strong>p.</strong></span> <span class='ocrx_word' id='word_1_170' title='bbox 1115 2915 1155 2998; x_wconf 86' lang='lat'><strong>94</strong></span> <span class='ocrx_word' id='word_1_171' title='bbox 1163 2911 1216 3000; x_wconf 73' lang='lat' dir='ltr'><strong>sq.</strong></span> 
     </span>
     <span class='ocr_line' id='line_1_26' title="bbox 218 2996 334 3052; baseline 0 0"><span class='ocrx_word' id='word_1_172' title='bbox 218 2996 334 3052; x_wconf 77' lang='lat' dir='ltr'><strong>Kiess.</strong></span> 
     </span>
    </p>
   </div>
   <div class='ocr_carea' id='block_1_7' title="bbox 175 3105 1216 3370">
    <p class='ocr_par' dir='ltr' id='par_1_7' title="bbox 175 3105 1216 3370">
     <span class='ocr_line' id='line_1_27' title="bbox 175 3105 1216 3202; baseline 0.01 -28"><span class='ocrx_word' id='word_1_173' title='bbox 175 3107 205 3174; x_wconf 82' lang='lat'><strong>4.</strong></span> <span class='ocrx_word' id='word_1_174' title='bbox 229 3107 287 3189; x_wconf 78' lang='grc' dir='ltr'><strong>τήν</strong></span> <span class='ocrx_word' id='word_1_175' title='bbox 308 3106 410 3194; x_wconf 76' lang='grc' dir='ltr'><strong><em>πήραν</em></strong></span> <span class='ocrx_word' id='word_1_176' title='bbox 432 3114 541 3196; x_wconf 83' lang='lat' dir='ltr'><strong>vulgo.</strong></span> <span class='ocrx_word' id='word_1_177' title='bbox 564 3105 621 3176; x_wconf 74' lang='lat' dir='ltr'><strong>ssia</strong></span> <span class='ocrx_word' id='word_1_178' title='bbox 635 3110 788 3180; x_wconf 82' lang='lat' dir='ltr'><strong>Valcken.</strong></span> <span class='ocrx_word' id='word_1_179' title='bbox 805 3133 876 3192; x_wconf 71' lang='lat' dir='ltr'><strong>epm</strong></span> <span class='ocrx_word' id='word_1_180' title='bbox 896 3112 944 3174; x_wconf 81' lang='lat' dir='ltr'><strong>ccl.</strong></span> <span class='ocrx_word' id='word_1_181' title='bbox 958 3114 1032 3178; x_wconf 87' lang='lat' dir='ltr'><strong>Vat.</strong></span> <span class='ocrx_word' id='word_1_182' title='bbox 1046 3121 1099 3182; x_wconf 77' lang='lat' dir='ltr'><strong>nal</strong></span> <span class='ocrx_word' id='word_1_183' title='bbox 1114 3115 1216 3202; x_wconf 76' lang='grc' dir='ltr'><em>πήραν</em></span> 
     </span>
     <span class='ocr_line' id='line_1_28' title="bbox 218 3195 1213 3282; baseline 0.005 -23"><span class='ocrx_word' id='word_1_184' title='bbox 218 3197 359 3259; x_wconf 81' lang='lat' dir='ltr'><strong>Brunclt.</strong></span> <span class='ocrx_word' id='word_1_185' title='bbox 382 3231 424 3243; x_wconf 89' lang='lat'><em>-</em></span> <span class='ocrx_word' id='word_1_186' title='bbox 447 3195 647 3282; x_wconf 69' lang='lat' dir='ltr'><strong>inaloqtipee]</strong></span> <span class='ocrx_word' id='word_1_187' title='bbox 677 3196 804 3256; x_wconf 77' lang='lat' dir='ltr'><strong>Alluslit</strong></span> <span class='ocrx_word' id='word_1_188' title='bbox 827 3196 867 3258; x_wconf 88' lang='lat' dir='ltr'><strong>ad</strong></span> <span class='ocrx_word' id='word_1_189' title='bbox 887 3221 1006 3260; x_wconf 86' lang='lat' dir='ltr'><strong>morem</strong></span> <span class='ocrx_word' id='word_1_190' title='bbox 1027 3204 1213 3281; x_wconf 87' lang='lat' dir='ltr'><strong>amantium,</strong></span> 
     </span>
     <span class='ocr_line' id='line_1_29' title="bbox 217 3279 1213 3370; baseline 0.011 -28"><span class='ocrx_word' id='word_1_191' title='bbox 217 3285 298 3342; x_wconf 87' lang='lat' dir='ltr'><strong>mala</strong></span> <span class='ocrx_word' id='word_1_192' title='bbox 324 3279 364 3341; x_wconf 87' lang='lat' dir='ltr'><strong>ad</strong></span> <span class='ocrx_word' id='word_1_193' title='bbox 389 3297 507 3342; x_wconf 83' lang='lat' dir='ltr'><strong>amatas</strong></span> <span class='ocrx_word' id='word_1_194' title='bbox 528 3303 601 3341; x_wconf 86' lang='lat' dir='ltr'><strong>suas</strong></span> <span class='ocrx_word' id='word_1_195' title='bbox 624 3280 819 3362; x_wconf 83' lang='lat' dir='ltr'><strong>perferendi.</strong></span> <span class='ocrx_word' id='word_1_196' title='bbox 842 3285 928 3344; x_wconf 86' lang='lat' dir='ltr'><strong>conf.</strong></span> <span class='ocrx_word' id='word_1_197' title='bbox 950 3284 1048 3370; x_wconf 87' lang='lat' dir='ltr'><strong>Idyll.</strong></span> <span class='ocrx_word' id='word_1_198' title='bbox 1070 3287 1115 3351; x_wconf 88' lang='lat' dir='ltr'><strong>H.</strong></span> <span class='ocrx_word' id='word_1_199' title='bbox 1143 3309 1213 3353; x_wconf 82' lang='lat'><strong>120.</strong></span> 
     </span>
    </p>
   </div>
   <div class='ocr_carea' id='block_1_8' title="bbox 217 3367 716 3570">
    <p class='ocr_par' dir='ltr' id='par_1_8' title="bbox 217 3367 716 3570">
     <span class='ocr_line' id='line_1_30' title="bbox 217 3367 653 3430; baseline -0.009 -1"><span class='ocrx_word' id='word_1_200' title='bbox 217 3369 277 3429; x_wconf 84' lang='grc' dir='ltr'><strong>ΙΙΙ.</strong></span> <span class='ocrx_word' id='word_1_201' title='bbox 299 3387 347 3430; x_wconf 87' lang='lat'><strong>10.</strong></span> <span class='ocrx_word' id='word_1_202' title='bbox 361 3367 419 3428; x_wconf 91' lang='lat' dir='ltr'><strong>XI.</strong></span> <span class='ocrx_word' id='word_1_203' title='bbox 437 3385 487 3430; x_wconf 83' lang='grc' dir='ltr'><strong>ιο.</strong></span> <span class='ocrx_word' id='word_1_204' title='bbox 534 3368 653 3428; x_wconf 73' lang='lat' dir='ltr'><strong>Riesst.</strong></span> 
     </span>
     <span class='ocr_line' id='line_1_31' title="bbox 655 3501 716 3570; baseline 0.098 -7"><span class='ocrx_word' id='word_1_205' title='bbox 655 3501 716 3570; x_wconf 90' lang='lat' dir='ltr'><strong>III.</strong></span> 
     </span>
    </p>
   </div>
   <div class='ocr_carea' id='block_1_9' title="bbox 175 3603 1216 4264">
    <p class='ocr_par' dir='ltr' id='par_1_9' title="bbox 175 3603 1216 4264">
     <span class='ocr_line' id='line_1_32' title="bbox 175 3603 1216 3694; baseline 0.012 -33"><span class='ocrx_word' id='word_1_206' title='bbox 175 3625 202 3688; x_wconf 73' lang='lat' dir='ltr'><strong>y.</strong></span> <span class='ocrx_word' id='word_1_207' title='bbox 226 3603 395 3686; x_wconf 85' lang='lat' dir='ltr'><strong>Daphnis,</strong></span> <span class='ocrx_word' id='word_1_208' title='bbox 434 3611 528 3689; x_wconf 80' lang='lat' dir='ltr'><strong>quem</strong></span> <span class='ocrx_word' id='word_1_209' title='bbox 559 3619 720 3688; x_wconf 85' lang='lat' dir='ltr'><strong>pastorem</strong></span> <span class='ocrx_word' id='word_1_210' title='bbox 741 3622 992 3694; x_wconf 79' lang='lat' dir='ltr'><strong>venatoremque</strong></span> <span class='ocrx_word' id='word_1_211' title='bbox 1017 3613 1119 3676; x_wconf 81' lang='lat' dir='ltr'><strong>fuisse</strong></span> <span class='ocrx_word' id='word_1_212' title='bbox 1140 3636 1216 3675; x_wconf 90' lang='lat' dir='ltr'><strong>con·</strong></span> 
     </span>
     <span class='ocr_line' id='line_1_33' title="bbox 216 3690 1215 3773; baseline 0.015 -26"><span class='ocrx_word' id='word_1_213' title='bbox 216 3702 280 3748; x_wconf 87' lang='lat' dir='ltr'><strong>stat</strong></span> <span class='ocrx_word' id='word_1_214' title='bbox 296 3709 336 3748; x_wconf 86' lang='lat' dir='ltr'><strong>ex</strong></span> <span class='ocrx_word' id='word_1_215' title='bbox 354 3690 450 3772; x_wconf 83' lang='lat' dir='ltr'><strong>Idyll.</strong></span> <span class='ocrx_word' id='word_1_216' title='bbox 464 3692 488 3752; x_wconf 93' lang='lat' dir='ltr'><strong>l.</strong></span> <span class='ocrx_word' id='word_1_217' title='bbox 510 3690 574 3753; x_wconf 79' lang='lat'><strong>116.</strong></span> <span class='ocrx_word' id='word_1_218' title='bbox 590 3690 693 3773; x_wconf 79' lang='lat' dir='ltr'><strong>plagis</strong></span> <span class='ocrx_word' id='word_1_219' title='bbox 708 3691 742 3750; x_wconf 92' lang='lat' dir='ltr'><strong>in</strong></span> <span class='ocrx_word' id='word_1_220' title='bbox 757 3696 847 3773; x_wconf 85' lang='lat' dir='ltr'><strong>sylva</strong></span> <span class='ocrx_word' id='word_1_221' title='bbox 864 3695 1004 3773; x_wconf 86' lang='lat' dir='ltr'><strong>relictis,</strong></span> <span class='ocrx_word' id='word_1_222' title='bbox 1037 3699 1071 3758; x_wconf 88' lang='lat' dir='ltr'><strong>in</strong></span> <span class='ocrx_word' id='word_1_223' title='bbox 1088 3714 1215 3764; x_wconf 88' lang='lat' dir='ltr'><strong>antrum</strong></span> 
     </span>
     <span class='ocr_line' id='line_1_34' title="bbox 219 3774 1216 3859; baseline 0.018 -26"><span class='ocrx_word' id='word_1_224' title='bbox 219 3790 437 3849; x_wconf 84' lang='lat' dir='ltr'><strong>concesserat,</strong></span> <span class='ocrx_word' id='word_1_225' title='bbox 473 3774 530 3836; x_wconf 89' lang='lat' dir='ltr'><strong>vbi</strong></span> <span class='ocrx_word' id='word_1_226' title='bbox 553 3796 699 3836; x_wconf 89' lang='lat' dir='ltr'><strong>somnum</strong></span> <span class='ocrx_word' id='word_1_227' title='bbox 728 3793 866 3859; x_wconf 88' lang='lat' dir='ltr'><strong>caperet.</strong></span> <span class='ocrx_word' id='word_1_228' title='bbox 908 3781 983 3842; x_wconf 89' lang='lat' dir='ltr'><strong>Huc</strong></span> <span class='ocrx_word' id='word_1_229' title='bbox 1003 3803 1074 3845; x_wconf 90' lang='lat' dir='ltr'><strong>eum</strong></span> <span class='ocrx_word' id='word_1_230' title='bbox 1094 3787 1160 3845; x_wconf 86' lang='lat' dir='ltr'><strong>Pan</strong></span> <span class='ocrx_word' id='word_1_231' title='bbox 1183 3802 1216 3850; x_wconf 88' lang='lat' dir='ltr'><strong>et</strong></span> 
     </span>
     <span class='ocr_line' id='line_1_35' title="bbox 218 3859 1214 3952; baseline 0.013 -32"><span class='ocrx_word' id='word_1_232' title='bbox 218 3859 365 3940; x_wconf 84' lang='lat' dir='ltr'><strong>Priapus,</strong></span> <span class='ocrx_word' id='word_1_233' title='bbox 390 3859 526 3920; x_wconf 86' lang='lat' dir='ltr'><strong>formosi</strong></span> <span class='ocrx_word' id='word_1_234' title='bbox 539 3859 676 3941; x_wconf 87' lang='lat' dir='ltr'><strong>pastoris</strong></span> <span class='ocrx_word' id='word_1_235' title='bbox 685 3881 792 3922; x_wconf 88' lang='lat' dir='ltr'><strong>amore</strong></span> <span class='ocrx_word' id='word_1_236' title='bbox 806 3861 1004 3942; x_wconf 88' lang='lat' dir='ltr'><strong>inflammati,</strong></span> <span class='ocrx_word' id='word_1_237' title='bbox 1028 3883 1214 3952; x_wconf 85' lang='lat' dir='ltr'><strong>sequuntur.</strong></span> 
     </span>
     <span class='ocr_line' id='line_1_36' title="bbox 218 3943 1211 4036; baseline 0.014 -33"><span class='ocrx_word' id='word_1_238' title='bbox 218 3943 342 4006; x_wconf 79' lang='lat' dir='ltr'><strong>Jacobs.</strong></span> <span class='ocrx_word' id='word_1_239' title='bbox 385 3945 439 4004; x_wconf 92' lang='lat' dir='ltr'><strong>De</strong></span> <span class='ocrx_word' id='word_1_240' title='bbox 461 3945 548 4004; x_wconf 88' lang='lat' dir='ltr'><strong>Pane</strong></span> <span class='ocrx_word' id='word_1_241' title='bbox 572 3959 725 4006; x_wconf 86' lang='lat' dir='ltr'><strong>venatore</strong></span> <span class='ocrx_word' id='word_1_242' title='bbox 747 3947 881 4029; x_wconf 86' lang='lat' dir='ltr'><strong>eiusque</strong></span> <span class='ocrx_word' id='word_1_243' title='bbox 904 3951 952 4012; x_wconf 86' lang='lat' dir='ltr'><strong>ira</strong></span> <span class='ocrx_word' id='word_1_244' title='bbox 976 3950 1043 4016; x_wconf 78' lang='lat' dir='ltr'><strong>vid.</strong></span> <span class='ocrx_word' id='word_1_245' title='bbox 1068 3953 1211 4036; x_wconf 81' lang='lat' dir='ltr'><strong>ldy11.1.</strong></span> 
     </span>
     <span class='ocr_line' id='line_1_37' title="bbox 220 4027 1209 4120; baseline 0.013 -32"><span class='ocrx_word' id='word_1_246' title='bbox 220 4030 267 4094; x_wconf 87' lang='lat'><strong>16.</strong></span> <span class='ocrx_word' id='word_1_247' title='bbox 298 4027 432 4089; x_wconf 85' lang='lat' dir='ltr'><strong>Observ.</strong></span> <span class='ocrx_word' id='word_1_248' title='bbox 454 4029 593 4090; x_wconf 80' lang='lat' dir='ltr'><strong>Miscell.</strong></span> <span class='ocrx_word' id='word_1_249' title='bbox 613 4029 654 4092; x_wconf 90' lang='lat' dir='ltr'><strong>X.</strong></span> <span class='ocrx_word' id='word_1_250' title='bbox 675 4029 726 4094; x_wconf 83' lang='lat'><strong>56.</strong></span> <span class='ocrx_word' id='word_1_251' title='bbox 752 4047 784 4093; x_wconf 89' lang='lat' dir='ltr'><strong>et</strong></span> <span class='ocrx_word' id='word_1_252' title='bbox 802 4034 1017 4112; x_wconf 87' lang='lat' dir='ltr'><strong>Wartonum,</strong></span> <span class='ocrx_word' id='word_1_253' title='bbox 1050 4039 1105 4120; x_wconf 90' lang='lat' dir='ltr'><strong>qui</strong></span> <span class='ocrx_word' id='word_1_254' title='bbox 1130 4039 1209 4101; x_wconf 89' lang='lat' dir='ltr'><strong>haec</strong></span> 
     </span>
     <span class='ocr_line' id='line_1_38' title="bbox 213 4111 1207 4202; baseline 0.013 -27"><span class='ocrx_word' id='word_1_255' title='bbox 213 4112 317 4176; x_wconf 87' lang='lat' dir='ltr'><strong>credit</strong></span> <span class='ocrx_word' id='word_1_256' title='bbox 335 4111 495 4196; x_wconf 87' lang='lat' dir='ltr'><strong>adscripta</strong></span> <span class='ocrx_word' id='word_1_257' title='bbox 516 4114 616 4174; x_wconf 83' lang='lat' dir='ltr'><strong>fuisse</strong></span> <span class='ocrx_word' id='word_1_258' title='bbox 638 4129 761 4179; x_wconf 87' lang='lat' dir='ltr'><strong>statuae</strong></span> <span class='ocrx_word' id='word_1_259' title='bbox 774 4121 912 4200; x_wconf 81' lang='lat' dir='ltr'><strong>pastoris</strong></span> <span class='ocrx_word' id='word_1_260' title='bbox 932 4119 1141 4202; x_wconf 83' lang='lat' dir='ltr'><strong>dormientis,</strong></span> <span class='ocrx_word' id='word_1_261' title='bbox 1170 4124 1207 4188; x_wconf 86' lang='lat' dir='ltr'><strong>in</strong></span> 
     </span>
     <span class='ocr_line' id='line_1_39' title="bbox 212 4203 673 4264; baseline 0.007 -3"><span class='ocrx_word' id='word_1_262' title='bbox 212 4213 305 4261; x_wconf 83' lang='lat' dir='ltr'><strong>antro</strong></span> <span class='ocrx_word' id='word_1_263' title='bbox 321 4203 507 4261; x_wconf 86' lang='lat' dir='ltr'><strong>collocatae.</strong></span> <span class='ocrx_word' id='word_1_264' title='bbox 551 4203 673 4264; x_wconf 78' lang='lat' dir='ltr'><strong>Kisssl.</strong></span> 
     </span>
    </p>
   </div>
   <div class='ocr_carea' id='block_1_10' title="bbox 0 0 1476 5014">
    <p class='ocr_par' dir='ltr' id='par_1_10' title="bbox 0 0 1476 5014">
     <span class='ocr_line' id='line_1_40' title="bbox 0 0 1476 5014; baseline 0 3"><span class='ocrx_word' id='word_1_265' title='bbox 0 0 1476 5014; x_wconf 95' lang='lat' dir='ltr'><strong> </strong></span> 
     </span>
    </p>
   </div>
  </div>
 </body>
</html>
