2962 5020
260 455 263 466 '
311 411 632 546 ‘annocum
666 463 944 530 roranrorr
981 465 1063 530 xx.
1166 467 1238 548 ω,

161 638 277 710 Etiam
292 651 341 722 tu,
363 639 468 724 Rhea,
491 635 594 726 defles
611 633 815 722 bubulenus
837 659 954 704 nonne
968 647 1067 724 etta²

163 746 195 812 0
209 737 382 844 Saturnis.
403 750 546 831 propter
565 759 713 829 puerum
733 739 1032 906 bpuqrqspastorcm
1044 739 1114 806 ales
1125 755 1236 829 vsgsa'

165 1033 378 1059 ——nnna

230 1150 334 1296 3ιᾶβέ
354 1150 436 1212 mira
457 1101 690 1226 vislerijclebet,
715 1167 810 1234 quam
826 1143 914 1234 quod
927 1144 1016 1210 'dicit
1037 1146 1236 1232 Theocritus

361 1233 411 1299 66·
434 1235 521 1319 ὄλβιε
540 1235 621 1319 καῖρε
641 1239 756 1320 γένοιο,
787 1247 821 1295 et
844 1233 975 1296 similia.
1027 1233 1178 1302 ceterum
1199 1238 1237 1300 in

232 1320 376 1404 Melegri
394 1325 470 1383 loco
496 1321 596 1383 citato
620 1319 763 1382 nondum
782 1317 886 1401 probo
909 1318 1083 1382 lectioneln
1101 1314 1236 1402 Graslffi

231 1409 286 1470 stol
312 1401 446 1486 Χάριτας
465 1411 586 1491 Σοφίαν
606 1402 632 1472 τ’
654 1411 699 1481 εἰς
715 1409 807 1487 μίαν,
829 1403 865 1461 in
887 1417 1013 1466 textum
1034 1421 1196 1490 receptam
1218 1429 1239 1471 a

235 1487 383 1552 lacobsio
403 1491 437 1550 in
461 1492 547 1553 Nov.
563 1489 741 1576 Antbolog.
758 1489 858 1549 Palat.
872 1491 910 1552 T.
928 1491 954 1551 1.
970 1511 1004 1574 p.
1018 1485 1093 1556 432.
1109 1505 1141 1554 st
1162 1514 1238 1576 pro.

235 1574 344 1636 batam
358 1597 375 1636 a
389 1575 606 1638 Fridemsnno
627 1575 662 1634 in
679 1572 904 1636 dissertatione
927 1570 967 1634 de
988 1572 1096 1637 medie
1112 1577 1239 1660 syllaba

236 1661 429 1746 pentametri
446 1683 478 1744 p.
495 1659 567 1724 505.
609 1655 694 1722 Nam
717 1681 817 1744 quum
836 1655 1034 1757 Iota-dativi
1055 1662 1183 1746 saepius
1196 1662 1239 1725 ab

239 1765 452 1828 oscitantibus
465 1767 609 1829 librariis
621 1781 780 1829 mutatum
794 1764 838 1826 sit
855 1764 891 1825 in
906 1794 923 1830 ν
938 1767 1127 1846 accusativi,
1142 1789 1241 1853 quam

238 1867 368 1928 contra,
391 1857 463 1914 leve
477 1852 608 1914 videtur
622 1865 863 1938 argumentum,
888 1853 977 1936 quod
989 1873 1050 1938 pro
1066 1853 1121 1916 ills
1135 1869 1242 1917 mute·

238 1939 332 2000 tione
343 1937 468 2020 petitur
489 1960 529 2000 ax
543 1938 688 2000 lectione
702 1933 839 1998 Planud.
857 1941 981 2020 σοφίαν,
1003 1960 1076 2000 cum
1089 1962 1151 2026 qna
1164 1961 1241 2004 con·

239 2023 343 2106 spirat
369 2021 450 2085 cod.
469 2021 542 2086 Vat.
586 2024 754 2085 Praeterea
776 2019 856 2081 baec
875 2022 1013 2092 mutatio
1037 2024 1244 2102 concinnita-

240 2123 307 2170 tem
326 2107 500 2184 orationis‚
534 2129 616 2192 quae
639 2108 726 2168 inest
749 2106 787 2166 in
807 2106 952 2170 lectione
971 2111 1122 2193 vulgata,
1145 2114 1244 2194 plane

242 2195 377 2269 evertit;
402 2208 434 2255 et
449 2195 522 2277 quis
537 2216 605 2255 non
621 2191 747 2254 hiatum
761 2195 859 2273 paulo
874 2190 1048 2270 duriorem,
1064 2213 1160 2276 quam
1173 2215 1245 2266 ors,-

242 2278 368 2342 tionem
384 2274 614 2341 inconcinnam
630 2277 714 2339 ferre
729 2275 846 2339 malit?
867 2311 911 2326 -
932 2278 1101 2354 ,,ηαθεῦδρ.
1134 2277 1243 2364 Vulgo

241 2359 385 2430 κάθευδε.
408 2363 494 2426 Vide
502 2362 733 2425 Grammaticos
748 2357 892 2422 adHom.
907 2365 944 2422 11.
954 2359 1090 2428 n.611.“
1113 2363 1247 2444 Selenes.

244 2447 338 2510 Vnus
352 2447 442 2532 isque
457 2449 598 2530 optimus
616 2445 686 2511 cod.
705 2441 864 2512 κάθευδεν.
906 2447 1024 2510 Kiessl.

201 2570 256 2640 4ο.
279 2573 447 2636 Bubulcus
460 2573 515 2634 hic
531 2587 723 2635 memoratus
739 2573 805 2633 fuit
819 2573 927 2654 Atys„
943 2573 984 2636 de
1005 2595 1070 2660 quo
1092 2577 1248 2659 supersti-

246 2659 295 2721 tio
321 2656 461 2720 diversas
483 2659 600 2741 sparsit
621 2658 756 2720 fabulas.
801 2679 833 2719 v.
852 2661 1077 2740 Bergatrc'issar
1098 2661 1133 2722 in
1151 2661 1248 2724 Raal·

246 2742 454 2808 wbrterbucb
467 2758 527 2808 etc.
548 2748 612 2814 vol.
627 2743 685 2806 IV.
699 2765 732 2825 p.
747 2739 786 2807 52
802 2764 869 2842 sqq.
892 2743 990 2804 Harl.
1034 2743 1128 2808 Adde
1148 2745 1247 2810 ovid.

246 2833 274 2893 F
276 2844 336 2892 ast.
351 2829 408 2904 IV,
432 2829 492 2894 223
505 2863 549 2879 ·-
564 2825 635 2891 244.
656 2826 769 2911 ibique
791 2827 916 2915 Grerig.
939 2844 973 2891 et
996 2831 1187 2913 interpretes
1207 2830 1249 2898 nl

249 2912 374 2977 Catulli
389 2915 497 2990 Attin,
522 2911 610 2999 quod
625 2933 749 2975 carmen
765 2915 945 2998 germanice
956 2916 1250 2995 vertitAhlwardt,

248 3001 289 3064 V.
304 3003 348 3062 D.
364 2999 577 3086 Oldenburgi,
605 2995 696 3063 1808.
739 2998 858 3060 Kiessl.
946 3059 954 3072 .
1248 2999 1251 3004 ’

205 3109 259 3178 41.
281 3110 373 3170 Loco
394 3104 600 3188 pronominis
622 3098 713 3180 uiris
730 3104 766 3164 in
789 3103 861 3168 cod.
874 3105 981 3171 Vatis.
999 3105 1047 3196 (et
1066 3109 1102 3170 in
1122 3109 1252 3178 duobus

249 3191 337 3278 aliis)
352 3191 473 3275 legitur
493 3191 593 3271 imre.
617 3209 712 3275 quam
725 3190 916 3269 lectionem,
941 3207 977 3254 vt
993 3195 1237 3280 exquisitionem

250 3301 322 3342 cnm
339 3273 555 3337 Valckenario
576 3297 684 3338 veram
705 3295 772 3337 esse
795 3274 909 3339 credo:
934 3300 1041 3352 annon
1054 3286 1231 3344 tustiamo

246 3385 380 3446 puerum
392 3373 553 3440 pastorem
567 3357 817 3448 (Ganymedem
842 3360 1027 3424 vid.Valclt
1043 3361 1083 3424 ad
1092 3364 1254 3432 adonias.

252 3442 680 3531 v.1=14.)almvagatunr?
701 3445 811 3529 Atque
824 3445 1112 3530 &praevalebam
1129 3451 1178 3514 ed.
1188 3474 1253 3516 sec.

253 3532 400 3606 admisit,
424 3546 456 3592 et
472 3532 536 3592 iam
556 3546 650 3594 antea
665 3529 849 3594 Brunckins
870 3547 1046 3616 receperat.
1069 3537 1167 3597 Harl.
1209 3537 1252 3600 Ia

254 3619 341 3682 lunt.
365 3631 413 3678 est
437 3615 538 3693 αἰτός,
568 3631 601 3678 et
623 3616 658 3676 in
679 3636 745 3679 vno
769 3615 841 3677 cod·
860 3615 958 3693 ᾰετός.
1004 3619 1093 3680 Hinc
1114 3621 1255 3684 coniicit

255 3699 419 3768 Gaisford.
436 3703 471 3762 in
493 3701 633 3787 quodam
653 3701 828 3783 exemplari
840 3703 995 3804 scriptum
1013 3705 1100 3786 ὄρνις
1120 3727 1193 3768 cum
1209 3709 1253 3792 gl.

253 3785 373 3864 αἰετός,
398 3786 485 3870 quod
498 3803 611 3870 postea
627 3809 644 3848 a
659 3785 801 3847 librariis
818 3786 852 3848 iu
873 3787 965 3866 αυτός
977 3795 1030 3852 vel
1043 3788 1130 3866 αἰτεῖς·
1141 3812 1256 3853 cortu.

280 3889 360 3948 tum,
373 3873 628 3935 veraelectionis
642 3870 746 3934 sedem
762 3869 892 3934 tandem
906 3874 1122 3956 occupaverit.
1145 3873 1257 3952 „cun

198 3969 201 3974 '
254 3896 428 4024 bumanam
446 3957 525 4020 deus
541 3955 739 4018 assumsisset
754 3958 908 4032 formam,
932 3960 989 4044 qui
1003 3964 1101 4041 paulo
1117 3974 1193 4022 ants
1206 3961 1257 4021 vi·

255 4065 310 4108 sus
330 4045 436 4105 fuerat
457 4049 540 4117 ales,
563 4041 650 4126 apud
668 4043 809 4103 Lasion.
823 4045 861 4103 T.
875 4043 900 4104 l.
917 4066 948 4127 p.
965 4051 1035 4116 208.
1053 4043 1094 4104 ad
1118 4043 1259 4130 ipsunt

256 4127 420 4216 ῥοηνόμος·
442 4165 484 4180 -
504 4129 668 4212 ἄνθρωπε,
695 4127 759 4206 ait,
789 4125 844 4194 oris
866 4125 957 4204 αἐτός
976 4130 1047 4210 ἄρτι
1068 4125 1177 4206 ἦσθα,
1203 4133 1259 4199 ssi
1299 4183 1301 4188 ,

199 4243 203 4250 ·
255 4211 498 4301 scramdsss'roe·
505 4211 650 4303 ἥρπασάς
667 4237 726 4302 μες
741 4213 887 4292 „Opidr'a
900 4227 983 4278 teste
1000 4213 1085 4278 Met.
1110 4213 1161 4292 X,
1185 4213 1258 4313 157.
