2874 5018
294 477 917 550 THEOCRITIIDYLLION
946 487 1013 553 VI.
1124 493 1183 578 195
1277 553 1281 560 .

4 711 5 720 ,
492 651 804 724 DAMOETAS.

4 757 5 760 ’
115 750 207 833 vidi,
228 773 294 842 per
307 751 411 836 Pana,
433 775 567 842 gregem
589 777 696 844 quum
710 759 856 844 petebat,

4 919 5 942 2
115 853 238 942 Neque
250 877 309 922 me
327 855 445 939 latuit,
466 879 555 942 non,
570 879 641 946 *par
658 879 777 925 meum
797 859 937 924 vnicum
954 862 1092 930 oculum
1106 863 1185 931 dul·

701 957 884 1050 cein‚'quo
901 983 1004 1030 cerno

115 1055 235 1142 Vsque
248 1057 290 1124 ad
309 1057 431 1126 finemz
454 1071 490 1127 at
505 1071 600 1128 vates
615 1063 774 1151 Telemus
788 1061 1074 1158 tristismuncians
1180 1133 1182 1138 .

114 1157 247 1225 Tristia
260 1160 392 1230 auferat
408 1162 561 1247 domum,
583 1175 623 1230 vt
642 1165 758 1230 liberis
772 1173 933 1230 asservat.

115 1259 249 1328 Verum
266 1273 300 1326 et
312 1264 383 1352 ipse
398 1286 459 1351 ego
473 1290 547 1332 eam
564 1289 717 1355 pungens
731 1264 879 1332 vicissim
891 1289 960 1332 non
976 1267 1134 1356 adspicio,
1237 1275 1243 1292 '

116 1359 185 1430 Sed
207 1363 307 1430 aliam
328 1369 496 1454 quantiam
511 1369 585 1435 dico
606 1369 754 1458 puellam
773 1388 830 1431 me
850 1365 994 1434 habere:
1017 1369 1106 1458 quod
1123 1371 1181 1438 ille

700 1466 839 1536 audiens

2 1605 6 1619 ·
100 1567 378 1650 'Invidiamota‚
399 1595 421 1638 o
435 1571 570 1660 Apollo,
591 1572 749 1640 tabescit:
771 1583 845 1636 tum
864 1568 982 1650 amari

117 1670 259 1738 Furioaa
269 1674 403 1761 prosilit
414 1677 529 1742 oculos
545 1687 748 1742 convertens
760 1671 803 1739 ad
818 1683 916 1738 antra
932 1684 966 1738 ct
978 1691 1106 1760 greges.
1205 1721 1208 1728 ·

118 1772 237 1840 Tacite
263 1775 366 1842 iubeo
387 1801 462 1844 earn
483 1779 638 1845 allatrare
667 1774 769 1840 etiam
790 1793 925 1838 canem:
968 1797 1050 1842 nam
1073 1797 1180 1866 quum

704 1873 861 1944 amabam

126 2039 328 2066 m—

185 2150 309 2222 grstum
324 2139 464 2219 ridetur,
486 2143 543 2226 qui
558 2163 599 2206 ex
610 2139 751 2204 lectione
767 2137 826 2203 cd.
840 2137 1007 2204 Benedict.
1023 2141 1109 2206 Flor.
1122 2171 1179 2229 yv-

187 2221 246 2287 vois
260 2226 399 2312 colligit,
423 2226 633 2290 Theocritum
656 2225 821 2309 scripsisse
836 2223 942 2311 peirac,
965 2225 1178 2310 sicquidem:

183 2303 264 2371 silici
284 2314 340 2375 τιν’
360 2310 458 2378 ἄλλαν
478 2318 559 2396 φαμὶ
578 2305 674 2394 ycisav
696 2309 774 2398 ἔχεν.
817 2311 872 2373 Dc
885 2308 1045 2374 vocabulo
1062 2313 1179 2377 Siculis

182 2393 317 2475 proprio
331 2393 411 2481 yeive
425 2399 512 2458 conf.
530 2399 663 2484 Gregor.
680 2395 754 2458 Cor.
770 2393 799 2493 ς.
816 2393 932 2458 CLIII.
945 2417 978 2478 p·
993 2392 1065 2460 545.
1082 2404 1179 2462 colla·

185 2475 230 2536 tis
248 2498 331 2560 quae
353 2481 450 2543 habet
468 2481 573 2544 Stura.
595 2480 635 2542 ad
649 2481 817 2541 Maittarre
838 2479 878 2542 de
901 2480 977 2541 dial.
996 2501 1029 2562 p.
1045 2480 1117 2566 269.
1131 2505 1179 2567 sq.

183 2593 229 2610 -
248 2563 407 2626 Bruncltii
428 2564 557 2650 quidem
572 2586 663 2626 aures
676 2563 731 2623 hic
746 2564 832 2625 iusto
854 2563 1021 2626 teretiorca
1035 2564 1178 2629 fuerunt

184 2643 254 2707 vid.
269 2639 416 2716 Huschk.
432 2665 601 2713 comment.
619 2647 658 2709 dc
671 2647 795 2729 Orphei
805 2649 925 2728 Argon.
942 2647 1036 2728 p.51.
1049 2647 1178 2730 Spheef.

184 2731 300 2795 Melet.
316 2735 386 2798 crit.
407 2757 440 2818 p.
456 2733 507 2821 49.
527 2735 595 2800 125.
613 2731 715 2796 Cicer.
732 2730 821 2792 Orat.
843 2729 938 2793 Catil.
954 2733 1012 2792 Ill.
1029 2731 1083 2793 fin.
1100 2756 1179 2832 quo.

157 2829 160 2839 ·
184 2814 278 2877 niam
301 2823 371 2879 iam
390 2841 468 2882 nox.
513 2815 762 2882 Commemorari
786 2814 863 2876 item
884 2827 995 2898 posset
1014 2837 1055 2877 ex
1073 2815 1179 2883 Cicer.

127 2901 130 2978 J
186 2897 250 2981 Ep.
267 2901 308 2963 ad
323 2904 402 2966 Dir.
411 2904 451 2966 V.
468 2925 496 2981 7.
513 2923 543 2967 2.
560 2901 648 2988 quod
662 2921 804 2974 vererere,
817 2921 855 2960 rse
874 2935 918 2950 —
938 2898 1004 2961 nisi
1022 2899 1070 2960 ibi
1087 2902 1181 2972 resti&

187 2986 343 3048 tuendum
358 3003 441 3051 esset
461 2989 612 3062 verebare.
640 2987 770 3055 ..KiessL

143 3079 196 3148 28.
219 3087 271 3150 Ad
292 3094 412 3173 οἰστρεῖ
430 3091 554 3154 Harles.
575 3089 610 3150 in
639 3101 718 3150 nota
734 3085 953 3169 manuscripta
976 3083 1055 3148 citat
1073 3087 1180 3152 Valer.

147 3241 151 3250 ,
187 3172 294 3236 Flacc.
313 3178 375 3239 111.
397 3171 470 3240 581.
489 3197 521 3259 p.
544 3173 617 3238 502.
640 3171 749 3234 Burm.
777 3183 810 3231 et
830 3169 967 3233 Martin.
997 3168 1039 3231 ad
1064 3171 1179 3257 virgil.

190 3256 307 3343 Georg.
322 3263 381 3321 III.
405 3259 474 3336 147.
497 3281 530 3342 p.
544 3257 615 3336 571.
631 3277 698 3340 sqq.
729 3252 814 3315 Add.
830 3256 904 3315 Tou
930 3255 995 3344 .in
1014 3254 1181 3339 Appendi-

189 3347 260 3403 cula
275 3343 316 3404 ad
331 3343 427 3426 Idyll.
441 3345 513 3406 XV.
527 3341 578 3429 98.
595 3340 651 3402 vbi
664 3338 775 3400 laudat
782 3277 932 3422 Euripii.
948 3339 1023 3424 Iph.
1040 3341 1114 3402 Aul.
1132 3361 1181 3428 77.

189 3425 252 3494 tot
266 3425 339 3495 καθ’
360 3425 481 3496 'attic’
495 3422 667 3514 οἰστρήσας.
709 3425 827 3486 Kimi-

142 3539 197 3612 29.
217 3529 359 3593 Bnmclt
381 3532 416 3592 in
446 3545 572 3592 textum
600 3541 765 3612 receperat
794 3523 1026 3587 correctionem
1055 3525 1183 3608 Toupii

188 3611 243 3680 ctis
256 3613 350 3692 sose,
373 3616 571 3720 propositam
585 3615 622 3675 in
636 3610 805 3674 Animadv.
818 3611 855 3670 in
871 3607 979 3671 Schcl.
992 3630 1025 3692 p.
1041 3610 1110 3674 214.
1125 3611 1182 3692 qui

187 3701 398 3782 pronunciat,
421 3705 561 3767 υλακτεῒν
578 3696 636 3778 τήν
654 3693 837 3765 striveidem
857 3715 924 3756 esse
947 3691 1037 3776 quod
1059 3693 1081 3774 ἤ
1099 3693 1183 3762 κύων

189 3784 325 3861 iterati,
345 3801 378 3847 et
391 3789 461 3872 σῖγα
470 3786 628 3861 ὑλακτεῖν,
649 3783 844 3864 subterrare:
867 3778 956 3862 atqui
970 3777 1006 3837 in
1019 3777 1089 3842 cod.
1098 3780 1182 3864 Aug.

189 3861 1185 4039 tartesiacas·tatastat

463 3999 470 4015 ·
510 4003 517 4018 ·
578 3999 586 4016 ·
1068 3991 1077 4023 s

190 4037 317 4122 aliquot
340 4041 494 4124 exemplis
508 4039 625 4101 fuisset
645 4033 829 4121 probanda,
852 4038 958 4094 laurea
974 4031 1103 4115 dignam
1117 4051 1185 4092 esse

190 4121 316 4186 iudicat
331 4121 773 4198 correctionemRuhnltenii,
797 4117 999 4202 ingeniosam
1011 4135 1087 4176 sane
1100 4129 1134 4177 et
1151 4116 1185 4172 in
1312 4143 1314 4150 ,

188 4209 275 4272 uotis
296 4209 563 4274 Valckenarianis
577 4207 721 4292 ‘copiose
739 4207 947 4347 ilqustratam:
976 4204 1045 4280 olto
1065 4197 1091 4270 δ’
1107 4199 1184 4266 ὑλα-

777 4337 791 4348 .
833 4307 850 4350 2
