2816 5022
238 433 340 500 rto.
368 425 668 498 monnnnrr
708 425 984 507 sererent.
1069 370 1141 533 *9⁸9

166 563 335 671 iudicium
350 627 409 688 pro
425 603 509 665 libro
529 604 690 684 s'nonyrno
707 597 869 686 (Danielis
887 599 1033 686 Heinsii)
1048 605 1143 668 Larte
1249 603 1257 618 .

4 697 6 704 '
80 693 183 755 Asini
197 691 375 772 inscripto,
404 689 552 751 adversus
576 684 665 747 alind
679 684 836 770 Paganini
851 685 1029 748 Gaudentii
1049 688 1088 750 de
1101 691 1140 752 li.

80 777 140 839 bro
155 774 277 839 eodem.

4 873 6 876 '
170 857 434 924 Additamentnm
449 855 644 939 Hieronymi
658 840 836 928 Aleandri,
854 839 991 917 nomine
1001 856 1141 922 Abraha-

81 947 129 1009 mi
144 944 278 1018 Bzovii,
313 942 400 1028 qnod
416 941 660 1025 adpetitionem
678 940 782 1000 Ducis
797 941 952 1002 Beveriae
969 939 1068 1004 inseri
1088 943 1142 1007 de.

4 1043 6 1048 '
79 1029 157 1092 buit
172 1029 264 1091 elteri
281 1027 418 1089 editioni
437 1031 464 1087 T
467 1027 531 1088 omi
545 1027 633 1088 XIV.
654 1025 828 1097 Annalium
843 1025 1142 1092 Ecclesiasticorum

83 1114 228 1177 eiusdem
244 1113 372 1186 Bzovii,
396 1111 543 1195 impressi
553 1111 711 1172 Coloniae
729 1132 779 1175 sn.
799 1107 907 1183 1618.;
939 1133 1036 1196 quum
1055 1113 1143 1178 idern

81 1203 165 1262 Dux
183 1199 320 1259 offensus
337 1196 454 1258 fuisset
469 1209 600 1282 propter
616 1217 668 1270 ea,
694 1215 775 1279 quse
791 1193 961 1276 scripserat
977 1195 1015 1256 de
1029 1199 1142 1262 Ludo·

83 1285 160 1346 vico
174 1283 317 1358 Bavaro,
340 1281 480 1364 ideoque
496 1279 635 1364 Joannes
651 1279 809 1362 Georgius
825 1280 1014 1342 Herwsrtus
1030 1299 1142 1346 contre

4 1391 7 1398 ·
85 1391 158 1431 eum
174 1365 326 1428 edidisset
341 1365 790 1426 MonachiiLudovr'eule.
805 1366 1026 1444 Imperatorem
1039 1369 1145 1452 desen·

4 1451 9 1458 ’
85 1445 167 1514 crece,
193 1452 265 1513 Ino.
290 1453 364 1512 Non
388 1453 505 1510 minori
526 1455 624 1508 etiam
649 1449 812 1509 discordia
836 1462 897 1510 etc.
933 1449 1145 1536 Adscriptum

4 1565 6 1570 ·
85 1553 151 1601 est:
182 1537 296 1612 „Haec
320 1537 426 1597 omnia
443 1535 581 1594 inseruit
599 1535 740 1596 Bcovins
760 1533 794 1592 in
811 1535 913 1595 Tomo
929 1535 1017 1598 XIV.
1034 1540 1145 1600 Anna·

4 1651 6 1656 ·
85 1623 191 1700 „lium
221 1642 329 1681 rursus
356 1620 544 1702 recognito,
585 1632 618 1680 et
645 1617 734 1680 edito
766 1617 923 1680 Coloniae
943 1621 1146 1706 Agrippinae

86 1706 197 1788 „apud
221 1703 354 1767 heredes
374 1705 514 1767 Antonii
535 1703 682 1764 Boetzeri
710 1701 800 1766 1625·
824 1707 917 1778 scol..
934 1709 1005 1770 241.
1026 1728 1079 1770 no.
1099 1727 1146 1774 ια.

86 1811 212 1877 „usque
229 1788 269 1850 ed
287 1795 347 1851 col.
363 1789 432 1854 250.
450 1811 504 1849 no.
522 1788 569 1854 15.
588 1785 646 1848 sub
663 1809 748 1848 anno
766 1785 880 1853 1314.“
1097 1855 1120 1872 κ

170 1873 311 1938 Lenioni
328 1889 457 1958 quattro
476 1871 717 1934 Accedemiche.
731 1873 758 1933 Ι.
777 1871 914 1934 intorno
937 1877 968 1934 sl
984 1879 1072 1936 culto
1092 1873 1146 1940 del

4 1995 6 2002 >
85 1967 157 2032 Dio
176 1963 278 2022 Mitte
301 1961 334 2020 in
352 1961 465 2036 Rome.
493 1958 536 2018 II.
558 1959 657 2018 Delle
676 1957 798 2018 Strene.
828 1957 888 2020 111.
912 1961 974 2022 Del
989 1957 1147 2024 Giudizio

4 2057 8 2088 '-
89 2054 124 2114 di
137 2045 271 2122 Paride,
295 2067 312 2106 e
328 2042 361 2104 di
378 2043 547 2127 mitologie
563 2041 598 2102 di
613 2042 700 2103 veria
715 2041 922 2119 erudizione,
948 2041 1008 2104 che
1021 2043 1059 2104 do
1075 2063 1146 2109 esso

5 2167 6 2170 ¹
86 2139 116 2199 si
133 2150 271 2218 possono
285 2143 393 2190 trane.
416 2127 474 2190 IV.
497 2129 598 2208 Sopra
611 2131 643 2187 le
660 2142 772 2210 quarta
788 2127 958 2189 Perticella
976 2125 1147 2192 dellePoe·

4 2253 6 2258 v
86 2222 152 2284 tica
168 2213 371 2276 d'Aristotile
380 2257 390 2285 ,
413 2211 447 2271 in
467 2212 519 2272 cui
536 2212 564 2271 si
580 2209 756 2286 conclude,
787 2233 854 2274 non
871 2212 992 2295 potersi
1008 2214 1148 2284 scrivere

4 2337 6 2344 s
84 2302 196 2390 poesia
212 2301 246 2360 in
262 2319 366 2381 prose.
1129 2381 1131 2386 ,

171 2387 196 2446 F
200 2383 363 2446 ontaninii
380 2381 566 2468 apographo
583 2394 653 2442 toto
670 2384 783 2460 relato,
806 2379 958 2442 notitiam
978 2383 1148 2448 Commen-

4 2485 7 2516 2
87 2472 195 2537 ter-ioli
217 2465 369 2530 Alesndri
390 2467 505 2528 addere
519 2467 635 2541 liceat,
664 2465 718 2525 cui
738 2464 869 2528 titulus:
895 2469 951 2538 ¹De
966 2469 1068 2530 tribus
1083 2493 1150 2531 ser-

4 2571 6 2602 ῑ
86 2555 244 2622 vitutibus
272 2557 424 2627 rusticis,
459 2555 575 2612 Itinere
583 2595 592 2621 ,
629 2551 736 2622 Actu,
776 2550 858 2623 Via,
889 2553 984 2634 deque
1012 2568 1150 2618 veterum

86 2659 156 2705 tuns
180 2638 360 2711 Velsiculr's,
393 2650 460 2696 tuns
487 2633 646 2696 Sedilibur
671 2637 848 2694 Enarratr'o
872 2639 918 2696 ad
937 2641 1052 2720 Legem
1070 2643 1147 2706 VII.

5 2721 6 2724 ¹
86 2733 296 2809 Digestorum
317 2723 390 2782 Lib.
407 2724 487 2782 IIX.
516 2725 578 2781 Tit.
595 2721 661 2788 III.
690 2721 741 2778 De
759 2721 971 2783 Servitutibue
991 2727 1160 2787 Praedioae

88 2835 160 2874 rum
183 2811 399 2868 Baeticorum.
429 2807 524 2867 Licet
546 2803 706 2880 ineditus,
738 2805 885 2866 innotuit
906 2807 991 2869 idem
1013 2810 1148 2890 Allatio,

88 2893 306 2964 Fontsninio,
338 2891 491 2968 Lirutio,
523 2890 679 2965 aliisue,
709 2887 866 2972 Philippo
885 2907 990 2954 autem
1004 2895 1149 2958 Bonero-

88 2983 139 3052 tio
156 2977 244 3059 typis
259 2989 296 3034 ut
315 2975 462 3036 ederetur
484 2978 579 3056 plane
593 2909 709 3058 dignus
727 2973 898 3038 videbatur
911 2975 1151 3058 (Oscer'varions'

88 3087 186 3146 sopra
211 3063 323 3120 αἰοιιηί
344 3059 548 3141 Medcglioni
568 3081 612 3119 ee.
632 3055 787 3146 p.115.):
818 3082 855 3122 ac
876 3084 910 3122 re
926 3062 1055 3146 quidem
1073 3088 1150 3128 vere

4 3165 5 3172 ’
89 3165 139 3214 est
160 3149 216 3209 ille
236 3158 323 3206 recto
346 3143 471 3226 jndicio
497 3144 717 3226 conscriptus,
748 3146 883 3228 antiqua
899 3145 1084 3212 eruditione
1100 3172 1150 3212 re·

89 3237 212 3306 fertus,
236 3227 523 3311 inscriptionibus,
548 3229 702 3306 nummis,
726 3229 933 3314 imaginibus,
956 3233 1150 3298 instrumen-

88 3319 133 3381 tis
161 3315 277 3378 affebre
305 3313 442 3395 depictis
472 3327 655 3378 exornatus.
699 3313 836 3376 Constet
865 3313 898 3375 id
927 3317 1029 3398 probe
1054 3317 1148 3395 mihi,

91 3403 197 3488 quiet
220 3401 327 3483 ipsum
349 3397 472 3482 jamdiu
493 3397 625 3459 habeam
647 3413 795 3460 accurate
815 3421 852 3460 sc
870 3399 977 3463 nitide
992 3405 1149 3486 scripturn

4 3531 5 3534 η
91 3489 128 3548 in
156 3485 268 3549 codice
295 3481 515 3546 bibliothecae
542 3480 754 3559 domesticae,
790 3486 918 3567 aequali
942 3489 1085 3564 auctori,
1117 3502 1150 3548 et

90 3573 229 3633 fortasse
245 3567 368 3642 eodem,
393 3589 487 3650 quern
502 3570 625 3630 Romae
641 3567 728 3650 opud
741 3569 934 3632 Marcellum
949 3571 1151 3634 Severolium

92 3655 254 3718 exstitisse
268 3651 422 3713 traditum
438 3652 476 3712 nb
493 3653 558 3714 illis
575 3667 633 3715 est.

177 3740 247 3803 Jem
264 3758 342 3800 vero
366 3751 403 3796 ut
417 3733 511 3798 finem
530 3735 691 3798 scribendi
712 3737 841 3800 tandem
857 3740 983 3818 faciam,
1000 3737 1151 3803 admonet

50 3829 52 3836 ’
89 3825 248 3908 epistolae
267 3819 398 3897 modus,
433 3837 526 3908 urget
539 3821 728 3885 sollicitudo
745 3823 785 3885 de
806 3844 900 3908 opera
920 3823 1080 3884 iureelia
1096 3825 1150 3888 lit·

90 3909 207 3972 teraris
224 3912 373 3981 moleste,
403 3921 437 3966 at
451 3908 640 3983 necessario,
665 3907 864 3970 insumenda.
895 3912 947 3971 Tu
962 3915 1043 3985 vele,
1067 3909 1151 3972 Har.

90 3994 235 4071 issimi,
277 3993 401 4053 litteras
422 3995 534 4074 juvare
554 4013 669 4076 perge,
710 4015 843 4076 meque,
874 4010 911 4055 ut
934 4015 1036 4073 emes,
1070 4015 1149 4058 ema.

90 4077 238 4144 Venetiis
251 4075 339 4164 prid.
355 4075 488 4141 Calend.
502 4075 634 4176 Aprilis.
647 4075 869 4174 MDCCClX.
