2872 5018
222 460 225 470 '
296 471 358 536 sss
429 469 775 536 -srorrrron
809 469 1118 536 ararAArora
1154 464 1187 548 η’.

295 627 362 721 Ἔν
379 637 475 742 τήνῳ
491 635 561 738 yrip
575 641 691 738 τῆνος·
714 637 765 714 ἴθ’
783 637 812 714 ni
833 635 915 716 edla
922 697 936 733 ,
962 643 1022 714 nel
1038 645 1117 738 λέγε
1132 637 1282 736 Ms'los',

395 746 466 828 Ὡς
481 739 652 844 llpncsait
667 745 807 839 aanor,
833 739 996 840 nalstede
1012 745 1061 820 oia
1069 801 1084 835 ,
1110 749 1245 842 ἔνεμεν.

480 865 487 878 ·
690 847 945 940 ΔΑΦΝΙΣ.

295 943 365 1044 Μή
381 977 449 1043 μοι
464 949 534 1044 yria
550 951 735 1039 Πέλοπος,
759 944 813 1046 μή
829 977 897 1044 μοι
914 945 1066 1048 χρύσεια
1078 945 1241 1028 adiuero

357 1221 514 1270 tenutam
524 1251 535 1281 ,
547 1185 614 1268 sset,
627 1205 749 1291 fugisse
762 1205 927 1268 illecebras
944 1206 1013 1268 eius
1028 1207 1193 1292 tacitoque
1207 1221 1340 1270 conten·

318 1339 326 1354 Χ
357 1305 394 1352 tu
415 1290 638 1352 transmisisse.
679 1291 787 1373 Atque
809 1289 844 1352 in
869 1289 967 1354 huius
987 1291 1169 1354 cantilenae*
1183 1292 1280 1354 initio
1297 1293 1340 1372 (.

357 1377 424 1460 72.)
447 1375 517 1457 ipss
543 1375 700 1456 particula
720 1381 773 1440 sni
793 1377 843 1454 (in
866 1373 963 1456 κάμέ,
985 1399 1032 1438 me
1050 1379 1191 1458 qnoque)
1216 1387 1340 1439 revocat

354 1463 507 1524 lectorem
527 1457 567 1521 ad
583 1461 769 1534 Menalcae,
799 1482 865 1522 non
881 1461 1045 1543 proximos
1060 1461 1279 1540 hexametros,
1307 1459 1339 1519 in

357 1543 478 1628 quihus
496 1549 586 1606 nulla
604 1565 746 1606 amorum
761 1559 808 1606 est
826 1546 968 1621 mentio,
999 1545 1055 1608 sed
1067 1567 1266 1632 praegressos
1281 1550 1339 1604 ele·

357 1630 483 1714 giacos,
513 1628 632 1714 quihus
652 1629 793 1692 animum
812 1651 918 1691 amore
940 1651 1070 1714 aegrum
1089 1632 1175 1696 lovis
1198 1633 1340 1712 exemplo

295 1766 306 1792 ,
356 1717 540 1780 consolatus
565 1727 631 1774 erut
651 1718 702 1774 vel
723 1729 928 1776 excusaverat
952 1715 1079 1798 potius,
1112 1715 1285 1800 innuitque
1303 1709 1341 1773 ad

356 1820 413 1864 eos
435 1820 522 1858 nunc
550 1796 676 1861 demum
699 1797 892 1880 respondere
912 1797 1090 1882 Daphnin,
1121 1816 1217 1862 antea
1238 1801 1339 1860 illece-

355 1883 430 1946 brae
444 1883 534 1944 illius
551 1882 723 1944 amatoriae
740 1881 979 1958 recordatione,
1001 1907 1061 1968 pro
1076 1881 1205 1947 amabili
1221 1879 1341 1972 pudore

282 2001 289 2016 ·
353 1991 427 2044 suo,
455 1966 617 2028 turbatum
639 1987 807 2049 parumper
828 1969 1043 2030 etconfuaum
1057 1969 1239 2032 haesitasse.
1271 1967 1339 2050 Qut

352 2055 479 2116 ratione
492 2051 518 2112 si
536 2049 729 2132 Daphnidos
745 2051 946 2114 hexametros
967 2052 1008 2114 ad
1027 2055 1156 2116 ultimos
1173 2056 1340 2118 Menalcae

354 2140 475 2201 referas
497 2133 665 2221 elegiacos,
689 2150 723 2196 et
736 2135 903 2219 utriusque
923 2152 1035 2199 cantus
1052 2145 1141 2201 uelut
1163 2159 1258 2200 coeca
1272 2137 1340 2198 vin·

354 2227 425 2287 cula
443 2242 567 2284 cernas:
591 2217 676 2280 nihil
693 2218 727 2280 in
742 2235 813 2282 toto
828 2221 891 2283 hoc
904 2223 1043 2284 carmine
1065 2223 1238 2285 amoehaeo
1252 2227 1341 2282 luxa·

353 2322 423 2372 tum
453 2319 487 2368 et
506 2304 688 2380 turbatum,
723 2304 809 2365 nihil
835 2306 979 2388 spurium
1001 2323 1033 2367 et
1054 2307 1248 2383 insititiam,
1285 2323 1342 2365 neo

353 2389 588 2473 exemplaribus
617 2389 857 2472 responsionem
883 2390 1088 2474 Daphnidis,
1126 2391 1183 2454 sed
1216 2403 1341 2476 poetae,

354 2475 465 2538 deesse
484 2471 660 2546 iudicabis,
689 2473 933 2560 apparebitque,
963 2497 1031 2537 esse
1057 2475 1139 2538 illud
1154 2472 1343 2564 Daphnidis

352 2559 520 2626 silentium
543 2559 841 2643 eloquentissimum
869 2559 962 2621 etad
986 2560 1219 2624 amabilitatem
1240 2560 1343 2622 adole·

349 2645 471 2710 scentis
488 2641 833 2728 significantissimum3
858 2641 943 2704 sicut
960 2644 996 2708 in
1012 2647 1138 2728 pictura
1160 2646 1233 2728 ipsa
1250 2644 1344 2706 etiam

351 2729 460 2795 umbra
472 2727 627 2812 loquitur.
667 2729 830 2788 Hactenus
847 2727 1097 2792 Wernsdorlius.
1118 2729 1269 2792 Aliorum
1277 2743 1345 2790 ten·

351 2814 485 2888 tamina,
507 2813 704 2888 vtMoaeha'i,
728 2811 1196 2877 excussitsatisEichstsdtius.
1209 2815 1326 2876 Kiessl.

307 2923 361 2994 51·
381 2908 466 3000 aits]
486 2914 521 2975 Si
540 2914 736 2998 intelligitur
750 2913 859 2976 hircus
872 2915 1021 2978 combas
1035 2919 1229 2990 mutilatus,
1257 2917 1345 3000 inge·

299 3043 303 3050 ,
351 3003 442 3066 nium
455 2998 591 3082 pastoris
607 3011 640 3058 et
652 3011 797 3058 naturam
814 2999 964 3060 carminis
981 2999 1125 3064 bucolici
1137 3023 1292 3084 superare
1300 2998 1348 3061 vi·

352 3085 458 3161 detur,
482 3081 571 3167 quod
585 3081 677 3144 hirco
692 3080 839 3143 mandata
849 3083 1038 3164 perferenda
1056 3084 1189 3161 dantur,
1214 3086 1346 3148 sincum

351 3169 488 3235 Reislsio
506 3165 727 3249 interpreteris
743 3187 860 3228 nomen
877 3167 981 3246 servi,
1006 3169 1099 3231 cuius
1117 3171 1260 3232 membra
1279 3191 1346 3231 mu·

351 3257 411 3318 tila
439 3266 495 3314 aut
519 3265 667 3312 contorta
688 3250 832 3327 fuerint,
865 3253 1120 3317 concinnitatem
1144 3253 1296 3320 desidero
1318 3266 1350 3314 et

351 3340 513 3423 ingratum
530 3333 654 3420 aliquid
673 3335 798 3396 sentio:
823 3357 921 3418 quare
936 3335 1069 3412 dubito,
1100 3361 1176 3400 num
1191 3337 1350 3402 Theocri-

350 3437 420 3485 tum
433 3419 573 3480 babeant
588 3433 749 3482 auctorem
761 3417 797 3480 hi
813 3441 931 3483 versus.
953 3421 1121 3503 [Heinsius
1135 3445 1168 3506 p.
1187 3423 1265 3489 548.
1279 3445 1351 3486 cum

349 3504 468 3570 Grotio
480 3502 562 3588 legit
576 3501 601 3568 oi
613 3499 712 3578 ’adin
733 3517 770 3566 vt
782 3506 947 3569 Menalcas
960 3505 1090 3570 mandet
1101 3502 1224 3593 aizdlap
1237 3507 1349 3582 alicui,

349 3609 432 3677 quae
451 3607 606 3670 personae
625 3587 747 3672 ubique
762 3587 894 3650 serviles
914 3606 990 3651 sunt
1005 3593 1121 3670 καὶτῆς
1134 3597 1282 3678 daursbuc
1294 3589 1353 3659 rei·

349 3683 426 3754 ξεως
444 3672 486 3732 im
495 3671 678 3746 Bucolicis,
707 3688 744 3734 vt
760 3673 838 3736 haec
856 3673 954 3736 verba
967 3676 1089 3737 Miloni
1111 3695 1274 3741 consueto
1292 3698 1352 3740 suo

350 3759 485 3822 deferat.
516 3757 602 3818 Sem.
624 3760 750 3824 Potitus
774 3753 903 3826 dass.
927 3758 1008 3822 Cum
1030 3761 1158 3823 Graefio
1180 3763 1351 3839 miramur,

350 3845 483 3913 Grotio,
512 3843 646 3902 Heinsio
661 3856 692 3902 et
708 3843 743 3903 V
738 3845 919 3904 alchsnnrio
935 3843 1023 3905 hunc
1041 3850 1166 3922 locum,
1225 3849 1353 3908 uicum

350 3924 596 4013 elegantissimis
606 3925 824 4012 Anthologiae
839 3949 969 4012 graecae
979 3931 1145 4004 convenit,
1170 3870 1354 3995 eliensioni

350 4013 463 4075 irrisae.
508 4011 558 4070 Ita
573 4012 661 4072 euna
676 4011 813 4074 similem
829 4013 981 4074 nuntium
996 4014 1167 4097 perfert'in
1181 4017 1355 4102 Meleagri

349 4097 403 4182 epi
428 4118 451 4155 r.
461 4112 511 4180 90.
530 4094 576 4154 ita
589 4094 657 4156 fere
675 4101 748 4175 opis
762 4094 846 4178 apud
857 4097 992 4160 eundem
1006 4120 1056 4180 ep.
1071 4095 1140 4162 108.
1149 4101 1192 4160 cf.
1206 4100 1355 4166 Straton.

348 4119 465 4274 epgdb.
481 4179 520 4240 Δ.
533 4179 570 4240 Β.
586 4179 629 4242 11.
642 4177 716 4263 578.
737 4179 782 4242 ita
797 4177 938 4266 deniqne
954 4188 1027 4263 apia
1040 4181 1150 4244 nuntii
1164 4183 1359 4250 ministerio
