2922 5026
425 417 851 494 rnrrrsmrssrs.
963 487 966 494 ,
1102 427 1163 504 531

189 586 418 655 Simulacrum
435 584 597 654 Xenocles
612 583 724 673 posuit
737 604 969 662 marmoreum

102 689 272 756 Musicuss
300 711 370 756 non
399 689 496 756 aliter
518 686 681 776 quispiam
701 685 815 750 'dicets
847 700 881 752 et
907 697 1049 777 propter
1077 687 1167 756 hauc

282 874 283 883 ἵ
689 789 847 877 peritiam

187 898 280 962 Bene
292 893 431 960 audieus
445 895 620 960 Musarum
635 915 704 958 uon
718 889 937 957 obliviscitur.

217 1013 645 1089 ΕΡΙΤΑΡΗΙἿΜ,
682 1009 1050 1082 EVSTHENIS

291 1113 877 1184 PHYSlOGNOMONIS.
903 1115 969 1182 ΧΓ.

101 1217 286 1290 Eruthenis
321 1220 388 1282 hoc
408 1227 458 1282 est
491 1218 752 1283 monimentum
776 1215 1062 1306 ,physiognomon
1091 1232 1164 1288 erat
1193 1205 1195 1212 ¹

684 1318 842 1407 sophista,

189 1424 316 1490 Doctus
331 1445 374 1488 ex
387 1421 485 1488 oculo
500 1421 600 1488 etiam
617 1433 767 1486 mentem
785 1443 992 1508 cognoscere.

101 1525 253 1594 Honeste
268 1548 347 1591 eum
362 1525 593 1613 sepeliverunt
607 1522 705 1588 amici
718 1524 753 1588 in
767 1525 946 1612 peregrina
961 1539 1049 1594 terra
1060 1551 1166 1620 pere-
1195 1559 1196 1566 ο

679 1647 834 1713 grrnum:

190 1731 233 1798 Et
247 1728 378 1796 vasibus
391 1726 472 1817 ipsis
487 1727 574 1796 mire
590 1749 687 1794 carm
704 1741 783 1794 erat.

102 1831 229 1897 Omnia
243 1829 329 1918 quae
344 1831 458 1898 decuit
469 1843 692 1920 consequutus
708 1843 759 1896 est
773 1831 951 1900 defunctus
964 1833 1132 1920 sophista,

190 1935 358 2025 Quamvis
380 1933 468 2000 nihil
483 1935 628 2018 valeret,
661 1933 794 2000 invenit
806 1947 939 2018 tumen,
964 1935 1022 2024 qui
1036 1938 1089 2003 sui
1103 1961 1166 2006 cu.

680 2059 756 2103 ram
769 2049 937 2124 gererent.
1032 2050 1034 2058 ’

123 2210 156 2276 5.
177 2212 318 2302 ἔγραψαν
335 2229 475 2300 quatuor
491 2213 620 2279 codices
637 2237 687 2300 ap.
703 2209 869 2278 Gaisford.
910 2213 1026 2276 Kiessl.

122 2295 156 2362 4.
176 2297 204 2383 χ’
220 2299 393 2381 δμνοθίτης
409 2305 529 2414 culpo,
560 2301 647 2388 quod
669 2297 806 2366 retinuit
827 2297 928 2360 Dahl.
948 2297 977 2384 χ’
991 2299 1166 2383 δμνοδίτας

166 2419 210 2432 -
224 2391 446 2468 δαιμονίοις-
460 2389 579 2465 usVat.
594 2385 622 2472 χ’
639 2387 814 2470 ωμνοδίτης
828 2383 924 2463 αὐτῆς
941 2383 1061 2468 ἀλίμων
1073 2388 1171 2466 ω’ς-,

168 2486 202 2532 et
216 2476 381 2556 δαιμονίως
399 2470 481 2534 alius
498 2470 547 2533 ccl.
566 2493 584 2532 a
609 2467 796 2534 .Gaisford.
815 2485 911 2555 etque
932 2469 1027 2548 αὐτῆς
1044 2486 1078 2534 et
1092 2467 1165 2540 ιῖλί.

166 2583 234 2642 μιαν
254 2557 298 2634 οἱς
317 2558 396 2618 item
419 2557 455 2617 in
471 2557 545 2618 aliis
562 2495 633 2618 eid.
655 2569 769 2620 exstat.
791 2553 944 2616 Reiskius
960 2555 1117 2620 coniecit:
1140 2556 1167 2644 χ’

168 2641 338 2724 δμνοθίτης
359 2645 394 2708 ίν
419 2646 481 2719 τοῖς
498 2646 668 2727 δαιμονίοις
688 2639 849 2718 Φιλοκλῆς·
870 2641 1043 2722 inquibus
1067 2648 1164 2706 etiam

169 2742 238 2790 erat
254 2729 384 2790 divinus
393 2741 489 2808 poeta
503 2729 673 2795 Philocles.
688 2747 781 2813 quarn
796 2723 1013 2788 coniecturam
1030 2727 1167 2791 Valcke-

170 2814 278 2874 narius
288 2813 404 2875 merito
421 2811 586 2874 absurdum
596 2825 702 2875 vocat.
724 2809 892 2885 Heinsius,
914 2826 1044 2874 secutus
1059 2835 1165 2877 emen·

170 2897 490 2960 dationem'Brodaei
510 2897 701 2982 χὺμνοθέτῃς
715 2894 826 2972 αὐτοῖς,
849 2915 975 2966 ‚versum
997 2897 1043 2958 ite
1064 2891 1165 2960 iinter-

167 2998 330 3067 pretatur:
359 2987 459 3043 etiam
480 2987 560 3064 ipsis
580 2988 682 3064 puetis
699 2983 744 3041 ibi
760 2993 853 3041 notus
870 2993 899 3039 et
913 2994 1061 3061 acceptus
1077 2997 1166 3044 erat:
1257 2979 1263 2992 '

169 3092 191 3128 a
206 3068 322 3148 quibus
330 3069 443 3147 posteo
457 3068 636 3155 epicedium
650 3072 771 3128 nuruis.
794 3068 908 3146 Itaque
926 3069 1031 3126 ιιιίιοι·
1040 3069 1166 3148 quidem

170 3157 285 3214 honore
303 3159 429 3226 ceruit,
461 3175 549 3234 quem
565 3167 677 3232 poetae
700 3150 877 3232 conferunt.
908 3149 1002 3211 Hanc
1017 3153 1165 3216 emenda·

171 3240 294 3300 tionem
322 3237 499 3320 probarunt
524 3252 557 3298 et
579 3239 614 3298 in
642 3252 766 3298 textum
790 3249 983 3318 receperunt
1005 3239 1164 3321 Toupius,

167 3322 369 3398 Brunckius,
400 3323 643 3386 Valckenarius.
687 3319 807 3406 Negari
831 3335 936 3382 tumen
961 3342 1028 3382 non
1045 3337 1164 3404 potest,

170 3410 217 3470 sic
231 3405 333 3482 αὐτοῖς
347 3411 510 3492 languere.
540 3409 593 3469 Ex
607 3405 678 3470 cod.
694 3407 767 3468 Vat.
787 3409 879 3468 locus
896 3405 944 3465 sic
957 3406 1024 3491 legi
1040 3422 1165 3490 potest:

166 3490 193 3581 χ’
207 3491 393 3575 ὕμνοθὲταις
409 3489 497 3566 αὐτός
509 3497 676 3576 δαιμονίοις
690 3497 777 3575 φίλος
789 3487 836 3570 ἧς.
879 3491 953 3552 Hoc
971 3488 1011 3571 ἧς
1027 3513 1068 3554 ex
1079 3506 1164 3580 ¹vett.

171 3578 243 3641 edd.
257 3576 388 3640 reduxit
402 3579 560 3659 Toupius.
603 3581 717 3639 Kiessl.

81 3709 93 3723 -
127 3667 159 3732 5.
181 3662 303 3731 πάντων
319 3661 361 3726 ὥν
375 3665 511 3728 incheme
524 3663 586 3750 ἔχει
599 3667 697 3747 vulgo
711 3676 744 3723 et
759 3662 793 3722 iu
810 3659 882 3723 cod.
896 3661 972 3742 Vnt,
987 3653 1166 3726 ἕιιίοιιιιτῦ-

173 3777 226 3838 χεν
246 3748 388 3810 coniecit
409 3751 567 3825 Annuus,
599 3769 691 3832 quam
714 3748 930 3808 coniecturum
954 3765 1084 3805 assensu
1104 3763 1163 3804 suo
1249 3795 1251 3802 ,

174 3833 354 3920 probarunt
374 3831 573 3914 Stephanus,
599 3829 748 3912 Toupius
771 3847 804 3894 et
819 3829 1018 3902 Brunckius,
1043 3827 1101 3911 qui
1116 3826 1163 3888 sic

175 3917 314 4001 scripsit.
349 3921 469 3991 Recte,
500 3919 626 4000 opinor.
652 3917 813 3979 Wartono
839 3915 875 3974 in
896 3927 1034 3974 mentem
1056 3911 1164 4006 venit:

172 4005 259 4071 πάντ’
273 4000 333 4076 cir,
357 4007 398 4077 οἷς
413 4003 564 4075 ἐπέοικεν,
594 4003 662 4086 liges.
677 4037 719 4050 -·-
735 3997 868 4078 τιδνειίς
885 3998 959 4061 vat.
976 4011 1009 4056 et
1027 4010 1091 4056 tres
1107 3995 1164 4055 alti

174 4089 455 4170 codd.ap.Gaisf.
497 4091 613 4148 Kiessl.

127 4177 160 4246 6.
184 4179 352 4260 vulgatum
366 4173 540 4236 lectionem
556 4177 665 4258 καίπερ
682 4170 782 4250 elsam
803 4168 862 4238 ιἰίν
876 4179 985 4230 tuetur
998 4163 1163 4226 Reislsius.
