2886 5022
255 432 319 501 544
416 439 727 504 enonrlror
761 435 1064 500 οιονΛΛΙοΝ
1103 427 1183 518 ρ’.
1426 437 1427 496 t

174 694 177 702 ¹
258 613 328 695 (Οἳ
339 607 429 702 μίαν
445 607 556 705 ἄμφω
573 613 713 704 δναῖροι
728 604 784 679 αἐί
801 607 972 682 δαίνυντο
988 602 1226 703 νροίποοδαν,)
1280 605 1283 613 ’

260 705 428 785 Χόλνεον
443 711 549 806 όχχοο
564 713 663 800 ἔχων·
689 703 785 800 τόχα
800 711 839 782 δὲ
854 705 990 807 νροίναν
1005 706 1150 808 ἐνόησεν
1427 715 1428 782 l

128 823 135 834 ’
259 813 408 906 Ἠμόνῳ
424 819 463 886 ἐν
478 806 591 908 χοίρῳ·
616 810 700 908 περί
715 813 754 885 dd
770 808 872 909 θρόον
888 807 1004 886 πολλοὶ
1020 807 1174 911 περόνη,
1266 811 1322 882 ‘Io¹

258 909 429 991 Καοίνεόν
445 941 488 988 νο
502 907 723 1004 χελιδόνιον,
748 909 899 1014 χλοερόν
914 913 945 988 τ’
962 912 1148 1006 α’δίαντον,
1428 952 1429 1026 χ

260 1082 467 1100 μ

281 1165 333 1233 58.
355 1167 586 1232 Valckenarius
605 1191 709 1254 poene
733 1169 944 1234 necessariam
972 1171 1145 1233 arbitratur
1168 1169 1316 1232 emenda·

323 1254 446 1316 tionem
468 1255 706 1317 Hemstcrhusii
728 1256 764 1318 in
784 1256 867 1319 libro
888 1277 948 1318 suo
970 1257 1139 1318 scribentis
1161 1253 1242 1338 οἷμφί
1256 1277 1315 1338 pro

324 1340 416 1422 ἄμφω
438 1335 488 1426 (vt
508 1337 635 1400 Pindsr.
654 1340 801 1424 quuitur
821 1339 951 1423 Olymp.
967 1343 992 1402 Ι.
1021 1341 1098 1414 25.).
1142 1341 1216 1402 Hoc
1236 1339 1318 1423 cippi

325 1420 501 1506 probdrunt
524 1423 645 1486 Iacobs.
661 1439 695 1486 et
709 1423 870 1499 Dshlius3
894 1423 949 1486 hic
971 1423 1050 1486 adeo
1074 1426 1109 1484 in
1129 1439 1255 1486 textum
1269 1445 1317 1486 re·
1429 1455 1430 1472 2

324 1508 422 1590 cepit.
463 1510 512 1570 H.
528 1509 661 1570 Vossius
674 1513 837 1594 vulgatam
856 1509 1021 1586 defendit,
1044 1508 1317 1592 praepositionem

323 1598 487 1676 supplens,
497 1591 643 1677 dicitque
655 1593 746 1670 adeo,
756 1592 1001 1656 Hemsterhusio
1010 1594 1137 1676 ellipsin
1154 1591 1317 1676 praeposi·

323 1677 426 1738 tionis
441 1677 659 1742 accusativum
675 1679 815 1764 regentis
828 1677 937 1740 fraudi
951 1677 1063 1740 fuisse.
1086 1677 1184 1762 Quod
1193 1681 1316 1740 nollem

326 1760 449 1823 dictum
462 1760 503 1823 de
516 1762 779 1840 Hemsterhusi03
802 1762 921 1824 rectius
935 1761 1067 1839 dixeris,
1078 1763 1195 1824 Vossio
1210 1760 1318 1822 fraudi

325 1845 427 1908 fuisso
442 1846 643 1931 opinionem,
651 1869 718 1910 esse
731 1846 1003 1930 praepositionem
1016 1845 1237 1930 supplendam.
1259 1844 1319 1908 Ni·

323 1931 373 2006 hit
394 1945 443 1992 est
465 1930 697 2014 supplendum,
721 1946 818 2015 atque
833 1931 959 1993 locutio
979 1932 1149 1998 δαίνυσθαι
1171 1927 1319 2016 τράπεζαν

324 2014 516 2160 {XXIII
536 2015 814 2166 5555555
828 2013 1197 2176 ίῗωῗόίίῗῖῗίί
1205 2035 1319 2170 ‘xiii

325 2184 356 2248 8·
380 2121 550 2268 δραμόντοό,ξ
566 2186 643 2251 ὕλαν
662 2129 723 2268 ppo
744 2125 1066 2272 τρίχίνντεόρόνατῆοόιν
1086 2125 1170 2263 almi.
1219 2143 1318 2266 Soph’.
1431 2247 1432 2250 ,

325 2268 416 2330 Aiac.
425 2267 484 2332 50.
499 2267 602 2354 andeis
614 2273 705 2336 scedio
721 2270 743 2330 ἰ.
760 2272 791 2354 q‘·
805 2271 950 2351 undeinn
962 2273 1071 2336 πατεῖν
1085 2272 1186 2336 πεδία·
1211 2267 1319 2330 Theo·

327 2353 397 2414 orit.
413 2351 510 2433 Idyll.
517 2354 589 2416 XV.
609 2371 678 2418 122.
695 2357 853 2420 ποτᾶοδαι
867 2356 933 2432 ὄζον
947 2354 1000 2420 ἀπ’
1012 2355 1080 2431 ὄζον.
1104 2355 1191 2416 infra
1205 2374 1253 2415 vs.
1267 2350 1317 2415 66.

324 2435 466 2505 disiectas
480 2460 552 2501 cum
567 2439 761 2502 accusstIvo.
782 2439 905 2515 XXIX,
921 2438 951 2503 6.
971 2441 1007 2529 ζῆ
1019 2434 1075 2505 τόν
1089 2439 1147 2507 σόν
1160 2441 1245 2505 ίδίαν
1259 2458 1317 2520 pro

323 2525 359 2600 ζῆ
375 2519 449 2590 ίδοίν
470 2521 525 2601 τήν
538 2559 582 2570 -
598 2526 696 2590 ἰδίαν.
727 2525 813 2586 conf.
830 2525 1004 2586 Hermann.
1026 2525 1061 2585 in
1074 2527 1162 2586 Mus.
1175 2521 1316 2585 Studior.

324 2593 435 2692 dntiq.
458 2625 491 2692 p.
516 2607 574 2673 166
595 2629 642 2694 sq.
670 2641 715 2698 e·
749 2607 831 2670 Cum
854 2608 1017 2672 Brunckio
1037 2608 1223 2695 scripsimus
1241 2605 1319 2688 spri-
1432 2603 1433 2612 ’

322 2695 450 2759 nendos.
492 2696 610 2756 Kisssl.
646 2717 651 2728 ’

280 2807 335 2876 40.
357 2815 469 2897 οῖμίνῳ
479 2815 512 2878 ίν
526 2809 623 2898 χόρτῳ
635 2833 677 2874 ex
691 2811 801 2876 multis
815 2811 885 2877 odd.
903 2827 935 2874 et
949 2811 1022 2875 edd.
1036 2809 1110 2875 Ald.
1125 2827 1157 2875 et
1171 2810 1257 2874 Flor.
1270 2829 1318 2871 re·

323 2897 455 2959 vocavit
462 2896 593 2973 Reiske,
603 2897 662 2980 qui
676 2891 785 2981 χόρτον
797 2897 1028 3000 interpretetur
1042 2900 1146 2958 Iocum
1160 2899 1317 2968 clausum,

306 2981 464 3061 septum,
484 3003 529 3042 un
542 3001 635 3062 pore.
657 2981 782 3065 Ἡμίνῳ
806 2985 838 3048 ίν
855 3007 943 3067 χοίρῳ
966 2981 1039 3044 edd.
1062 2981 1174 3044 Valck.
1194 2985 1263 3042 rell.
1287 2992 1319 3040 et

324 3064 435 3136 schol.
448 3065 551 3148 η’μίνῳ
565 3069 598 3131 ίν
610 3063 710 3152 χόρτῳ
723 3064 872 3142 Eminuit,
897 3066 954 3149 qui
978 3067 1134 3128 tam'en'in
1152 3065 1241 3128 notis
1255 3061 1320 3150 χιό-

325 3175 371 3233 pp
386 3163 472 3212 recte
494 3150 636 3234 praefert
651 3170 724 3214 cum
737 3149 917 3226 wartono,
941 3171 959 3210 a
975 3172 1039 3236 quo
1060 3155 1190 3235 vulgata
1206 3151 1261 3210 illa
1275 3154 1319 3209 lc·

325 3236 391 3296 ctio
420 3255 461 3295 ex
487 3233 651 3296 Theocrit.
673 3233 780 3296 XXII.
800 3232 850 3319 94.
883 3235 1013 3300 Homer.
1036 3233 1163 3317 Odyssc
1176 3235 1266 3298 XIV.
1288 3231 1317 3296 6.

324 3316 417 3381 Iliad.
430 3317 523 3380 XIII.
538 3315 611 3403 475.
633 3319 709 3382 XII.
723 3317 796 3384 4²3.
811 3319 992 3388 xxlam.
1009 3335 1069 3382 etc.
1085 3319 1167 3380 hene
1182 3319 1319 3379 illustra·

324 3417 386 3463 tur.
407 3435 452 3450 -
472 3404 555 3463 Tum
574 3405 644 3486 δρία
664 3403 811 3487 reposuit
826 3404 946 3468 Reiske
960 3427 1000 3466 ex
1013 3403 1131 3487 Odyss.
1146 3403 1234 3465 XIV.
1246 3397 1318 3466 553.

323 3501 357 3548 et
375 3486 530 3569 Apollon.
551 3487 615 3547 Rh.
632 3487 689 3550 IV.
712 3507 784 3574 970.
805 3487 894 3572 quod
914 3489 1108 3550 vocabulum
1129 3508 1258 3548 nemora
1274 3485 1318 3548 si-

322 3569 480 3657 gnificans
498 3575 605 3655 placet
621 3592 754 3657 propter
769 3571 955 3658 Nymphas3
980 3574 1092 3657 sicque
1114 3593 1224 3633 revera
1239 3569 1321 3657 legit

321 3725 472 3791 vatican.
485 3739 635 3808 quartus:
658 3724 707 3800 [in
721 3741 787 3788 vno
800 3661 957 3808 coddplo
974 3759 1018 3776 -
1038 3675 1179 3808 πεφόνεί.
1200 3723 1256 3810 K.]
1277 3755 1320 3774 -··

320 3827 356 3872 at
370 3833 468 3894 quum
481 3808 589 3893 pl'ures
605 3807 723 3872 herbae
745 3811 828 3873 circa
849 3810 940 3872 illum
953 3812 1080 3874 fontem
1096 3823 1189 3872 natae
1201 3830 1321 3871 memo·

323 3911 453 3970 rentur,
477 3913 583 3978 neque
604 3891 749 3972 videam,
773 3917 831 3958 cur
845 3901 937 3979 plura
954 3916 1085 3957 nemora
1103 3907 1321 3957 memorentur

321 3979 400 4062 (nisi
421 3976 515 4040 malis
538 3979 662 4041 vertere
685 3980 839 4056 arbusto5
866 3979 933 4042 vid.
948 3980 1044 4044 Obss.
1067 3979 1164 4041 Misc.
1179 3983 1246 4042 vol.
1262 3977 1322 4044 IX.

322 4079 400 4128 tom.
411 4066 439 4128 Ι.
454 4085 487 4148 p.
503 4061 603 4136 114.)‚
625 4063 726 4125 malui
740 4064 948 4144 Waltonum,
971 4065 1066 4126 cuius
1081 4079 1190 4127 uotam
1205 4083 1322 4125 consu·

320 4155 387 4234 les,
419 4146 697 4226 scemenum,
729 4149 788 4238 qui
804 4149 856 4212 its
870 4149 1067 4237 'rescripsitf
1095 4163 1326 4244 pastoresque
