2816 5016
516 1001 1025 1080 OAOIIIOPOI

754 1173 788 1226 ιῐ

417 1313 1120 1414 ΒοῑΚοΛιΑΣΤΑι

588 1441 907 1552 mammon
930 1480 956 1546 r.

243 1631 549 1767 ROMA
577 1631 1307 1746 ΤΛΣΜΛΑΗΩΝ.

607 1881 937 1957 ΚΟΜΑΤΑΣ.

240 1995 371 2130 Afrae
384 2032 492 2129 ἐμαί,
519 2059 632 2157 aanor
647 2027 714 2110 τᾶν
730 2039 889 2130 ποιμένα
904 2028 972 2108 τόν
987 2033 1203 2133 Συβαρίταν

244 2132 404 2232 oav'ym
420 2132 487 2211 cciv
501 2139 671 2211 Λακωνα·
701 2131 748 2212 τό
762 2165 834 2232 μευ
851 2130 958 2220 νάκος
974 2139 1078 2230 ἐχθὲς
1096 2141 1254 2233 ἔκλεψεν.

244 2273 452 2292 ἡ

269 2324 343 2389 Hoc
361 2324 517 2408 Idyllium
532 2323 622 2387 deest
634 2325 669 2386 in
686 2295 881 2396 collectione
901 2325 1005 2410 prima
1020 2325 1246 2402 Valckenarii3
1270 2325 1311 2388 in

308 2410 469 2472 Brunckii
488 2410 654 2473 Analectic
679 2425 816 2495 occupat
834 2415 945 2474 locum
965 2411 1160 2490 secundum,
1183 2411 1220 2473 in
1236 2411 1312 2478 cod.

308 2495 394 2582 Aug.
421 2509 579 2580 quartum.
625 2497 724 2561 Harl.

270 2603 297 2648 1·
320 2581 364 2648 roi
386 2583 549 2664 Συβαρῖτα
573 2579 715 2643 Brunck.
745 2603 786 2644 ex
811 2581 1017 2658 coniectura,
1053 2582 1189 2666 opinor:
1231 2604 1310 2644 nam

312 2687 423 2730 omnes
439 2665 510 2730 cdd.
524 2665 645 2729 habent
657 2663 713 2734 nir
724 2671 911 2754 Συβαρίταν.
940 2666 1122 2729 Secundum
1135 2667 1223 2729 illam
1238 2688 1312 2729 cor-

312 2751 500 2825 rectionem,
526 2771 609 2832 quae
623 2772 664 2812 ex
679 2750 888 2814 Valckenarii
904 2765 937 2812 et
950 2752 1105 2814 Wartoni
1121 2751 1160 2813 de
1172 2751 1236 2814 hoc
1251 2773 1313 2812 vo·

312 2835 429 2898 cabulo
443 2835 569 2896 iudicio
585 2849 653 2898 orta
666 2857 734 2897 erce
748 2834 890 2913 videtur,
914 2835 969 2898 hic
984 2851 1033 2899 eat
1047 2857 1176 2900 sensus:
1199 2835 1312 2922 fugite

309 2921 488 2994 Laconem,
513 2919 570 3018 qui
584 2934 695 3002 pastor
713 2933 761 2981 ert
775 2921 952 3004 Sybaritae,
976 2921 1126 2998 horiani,
1150 2922 1228 2998 aire,
1252 2921 1314 3020 qui
1361 2953 1364 2959 ·

313 3024 441 3092 gregem
455 3002 526 3065 herr
540 3005 602 3079 aui,
626 3001 679 3064 cui
695 3025 813 3068 nomen
829 3022 878 3069 ert
891 3005 1049 3090 Sybarin,
1073 3005 1187 3091 pascit.
1221 3005 1313 3067 Hanc

313 3111 386 3151 cunr
406 3087 600 3150 Casaubono
628 3102 660 3151 et
682 3089 895 3153 Valckenario
925 3089 1130 3153 scribendum
1152 3091 1234 3176 pnite
1254 3086 1313 3157 tria

312 3176 485 3256 Συβαρῖτα·
512 3193 627 3256 nempe
647 3173 763 3242 δοῦλον.
792 3175 1027 3239 Valckenarius
1048 3177 1134 3238 onim
1156 3176 1192 3236 in
1213 3176 1312 3261 epist.

313 3256 354 3318 ad
367 3259 533 3320 noverum
557 3277 628 3344 pag.
644 3257 768 3335 XXX„
791 3279 885 3346 quem
905 3261 1053 3344 nequitur
1067 3261 1242 3338 Warton.,.
1262 3283 1314 3322 ar·

310 3341 464 3418 bitrntur,
496 3340 530 3406 h.
554 3346 576 3403 l.
599 3365 665 3406 non
686 3343 781 3404 innui
804 3344 964 3428 quendam
984 3345 1116 3407 nomine
1135 3345 1310 3420 Thorium,

313 3427 447 3489 natione
468 3425 663 3508 Sybaritem,
696 3427 752 3490 aed
774 3429 955 3512 Sybaritem
976 3427 1153 3513 quendam,
1177 3430 1315 3492 natione

313 3510 492 3602 Tharium3
516 3511 595 3572 hinc
609 3513 644 3573 in
656 3515 844 3601 argumento
860 3515 1009 3600 corrigit:
1033 3511 1178 3598 ὅποιμήν
1184 3511 1314 3596 Λάκων,

314 3594 349 3673 ὃς
363 3593 511 3680 Συβᾶρτα
526 3599 582 3663 τοῦ
598 3604 731 3684 θουρίου
744 3603 831 3686 νέμει
844 3598 882 3666 roi
893 3605 1069 3684 θρέμματα,
1091 3599 1180 3683 quod
1195 3599 1316 3661 confir·

315 3702 400 3742 mare
412 3681 444 3743 ei
459 3679 590 3742 videtur
604 3704 714 3744 versuo
731 3703 780 3760 72.
824 3687 883 3748 Illa
898 3699 1004 3746 autem
1019 3697 1207 3767 tempestate
1221 3682 1314 3746 Thu·

314 3764 381 3827 rior
404 3764 594 3848 aSybaritia
614 3767 727 3828 scribit
747 3770 848 3832 fuisse
869 3769 1023 3832 diversor.
1067 3771 1220 3831 Servnlua
1234 3789 1314 3832 vero

315 3852 428 3913 Lacon
450 3871 491 3911 ex
513 3871 590 3936 agro
612 3852 713 3913 natali
735 3854 857 3932 fueret,
880 3855 930 3914 vti
943 3867 1055 3940 putat,
1079 3855 1113 3914 in
1135 3853 1215 3915 haec
1240 3855 1316 3916 loca

318 3935 639 3997 Lacedaemonium
657 3941 829 4000 Tarentum
852 3939 953 4020 (Hor.
969 3938 1109 4016 od.111,
1126 3937 1156 4002 5.
1172 3935 1241 4020 56.)
1259 3936 1317 4000 de·

317 4033 474 4106 portatur.
519 4017 759 4106 Colloquuntur
770 4039 876 4086 autem
890 4025 1040 4086 Comatae
1060 4039 1093 4087 et
1104 4025 1228 4100 Lacon,
1243 4045 1318 4108 gre·

317 4127 373 4194 gea
387 4103 503 4168 heriles
520 4120 685 4185 curantea,
709 4106 744 4168 in
765 4109 884 4194 campis
901 4108 1084 4189 fertilibus,
1109 4107 1198 4170 inter
1225 4109 1316 4172 Thu-
