2950 5024
307 461 613 566 rnroourrr
645 465 920 532 IDYLLION
954 465 1080 532 xxm
1166 437 1262 558 697'

166 638 242 730 Qui
259 636 352 707 enim
363 639 606 708 taudem'Iovie
623 639 711 707 filius
733 661 893 707 voracem
909 639 1025 704 virum
1040 637 1206 728 deiecerit,

163 745 240 826 Dio,
263 745 343 812 dea:
365 755 405 808 tu
420 743 514 810 enim
527 742 634 810 noeti:
657 763 718 829 ego
734 753 848 808 autem
864 743 935 810 aliis
955 743 1123 832 interpret

160 847 301 935 Loquar
314 869 403 935 quae
416 857 457 912 tu
472 845 534 928 via,
555 857 592 912 et
605 857 646 910 vt
661 843 725 911 tibi
736 856 872 932 gratum
886 859 946 914 eet.

162 949 302 1016 Scilicet
312 952 370 1018 ille
385 947 549 1038 perficere
562 947 700 1037 cupiens
715 969 879 1034 magnum
892 949 1026 1036 aliquod
1041 973 1127 1040 opue

141 1051 309 1130 ,Sinistra
323 1051 497 1120 sinistram
510 1051 654 1120 Pollucis
676 1051 903 1143 apprehendit
914 1076 1068 1134 manum,

159 1152 311 1242 Oblique
335 1178 357 1222 a
383 1165 475 1222 statu
499 1153 689 1224 declinam:
731 1155 836 1222 altera
862 1168 977 1224 autem
999 1157 1230 1228 adversarium

749 1267 881 1346 petere,

157 1429 369 1454 m

227 1520 384 1668 {alopen
404 1519 486 1608 αὑτᾷ
515 1541 576 1607 pro
601 1516 687 1614 ἀὐτῇ
706 1541 749 1584 ex
770 1520 849 1586 edit.
869 1523 1074 1592 Winterton.
1098 1528 1230 1612 recepit

267 1630 306 1668 ΕΓ
318 1651 328 1670 0

185 1707 259 1774 118.
280 1713 336 1774 De
356 1713 496 1775 formula
518 1706 594 1799 μίγα
614 1737 647 1780 ee
663 1707 835 1773 Heinrich.
853 1709 1002 1792 adQScut.
1019 1715 1116 1777 Herc.
1130 1737 1164 1778 v.
1181 1725 1235 1802 79³

229 1797 311 1860 citat
328 1799 547 1860 Hemeterltue.
564 1796 605 1858 ad
618 1797 757 1859 Lucian.
773 1802 810 1860 T.
827 1797 853 1856 Ι.
866 1819 897 1879 Ρ.
914 1796 964 1882 59.
979 1815 1012 1860 et
1030 1801 1172 1866 Dorvill.
1191 1799 1233 1862 ad

230 1881 355 1946 Charit.
379 1905 411 1966 p.
429 1901 503 1946 220.
555 1881 645 1944 Idem
674 1883 725 1943 vir
754 1879 868 1942 doetus
894 1867 1091 1962 (Observatt.
1116 1907 1148 1968 Ρ.
1165 1885 1231 1960 81.)

225 1966 431 2030 hunclocum
447 1967 495 2030 tic
509 1965 658 2051 expedit:
682 1965 848 2046 „Amycus
863 1982 900 2028 vt
910 1967 1123 2032 adversarium
1137 1993 1232 2031 suum

226 2051 335 2129 feriat,
358 2057 451 2114 laeve
464 2073 562 2112 manu
584 2051 655 2114 eius
668 2055 789 2112 laevam
805 2052 938 2136 excipit,
963 2051 1095 2138 oblique
1112 2077 1129 2116 a
1143 2068 1232 2116 statu

227 2157 289 2198 ouo
303 2137 340 2200 in
357 2141 501 2215 alteram,
526 2135 670 2198 dextram
684 2157 810 2220 nempe,
834 2153 956 2220 partem
973 2137 1149 2202 declinans.
1178 2139 1232 2206 ἔλ-

226 2229 304 2305 λαβε
323 2225 428 2308 χεῖρα,
449 2226 571 2306 excepit
591 2244 706 2282 manue
727 2226 843 2281 ictum.-
873 2243 936 2306 qua
953 2225 989 2284 in
1003 2245 1037 2284 re
1052 2225 1232 2290 sollenniua

226 2308 362 2370 verbum
373 2311 536 2393 δέχεσθαι.
555 2329 587 2368 v.
605 2327 631 2368 c.
646 2307 801 2390 Apollon.
815 2309 858 2370 11.
871 2307 950 2392 95.“
993 2307 1119 2370 Eodem
1133 2309 1231 2371 ruodo

225 2391 307 2455 haee
323 2393 422 2456 verbe
442 2391 602 2476 intelligit
616 2391 799 2454 Ahlwardt.
814 2414 846 2475 Ρ.
863 2393 922 2458 140
936 2415 950 2454 ι
974 2439 981 2456 .
1026 2395 1072 2455 At
1086 2393 1233 2456 nondum

229 2477 377 2564 equidem
403 2477 484 2540 mihi
505 2475 706 2561 persuadeo,
741 2473 912 2560 λαμβάνειν
939 2417 1025 2542 lieni
1049 2477 1233 2564 significare

224 2585 322 2648 poree
345 2561 434 2648 quod
452 2564 598 2648 δέχεσθαι
603 2613 615 2642 ‚
637 2577 694 2624 aut
707 2561 856 2646 pugilum
875 2586 989 2625 manus
1011 2564 1171 2624 caestibus
1186 2563 1233 2642 eic

225 2647 332 2712 'fuisse
352 2648 513 2734 illigatae,
536 2662 574 2709 vt
589 2646 689 2732 digiti
702 2646 921 2730 prominentes
941 2648 1026 2710 nihil
1040 2652 1135 2730 plane
1152 2647 1234 2710 levi-

227 2749 279 2796 ter
299 2749 402 2809 certo,
427 2754 612 2818 quanquam
635 2753 702 2794 uon
728 2731 879 2809 firmiter,
903 2729 1145 2816 apprehendere
1159 2755 1234 2816 poe·

151 2857 156 2865 ·
226 2835 309 2882 sent.
353 2819 488 2904 Virgilii
503 2817 679 2902 descriptio
696 2815 786 2894 (Aen.
804 2818 844 2894 V,
860 2819 1023 2903 lloosqq.),
1042 2818 1232 2900 vtpoetica,

229 2919 279 2965 eet
291 2902 515 2988 hyperbolice.
539 2902 648 2964 Etiam
658 2903 794 2966 Vossius
811 2902 1058 2989 interpretatur:
1081 2923 1113 2962 er
1120 2901 1234 2985 faeere

228 2994 290 3050 mit
303 2991 356 3050 der
374 2991 499 3050 Lintea
514 2989 566 3048 die
578 2990 691 3050 Linke.
733 2991 852 3049 Kieeel.

184 3111 258 3178 119.
283 3087 435 3174 Προβολῆ
457 3090 624 3176 siguificat
641 3089 796 3151 etiamid
813 3090 900 3172 quod
916 3090 1042 3173 tegendi
1058 3111 1162 3151 cauea
1177 3091 1234 3151 ob:

90 3238 97 3262 ,
226 3177 380 3238 tenditur.
419 3175 509 3237 Hine
531 3173 740 3238 Ahlwardtua
768 3175 1016 3259 interpretatur:
1047 3177 1098 3235 die
1119 3197 1234 3258 uerge-

225 3263 352 3324 haltere
364 3261 472 3323 Hand
489 3257 542 3322 dee
559 3261 696 3334 Pollux,
721 3259 775 3320 der
788 3265 835 3322 eie
850 3265 909 3321 wie
921 3261 975 3320 der
991 3261 1105 3320 Soldat
1127 3265 1234 3323 arinen

230 3348 346 3409 Sebild
359 3347 507 3423 hinhielt,
531 3367 586 3406 um
598 3345 658 3406 den
680 3346 804 3428 Selelag
818 3350 1060 3426 auezupare'ren,
1082 3345 1150 3406 uad
1162 3345 1234 3406 sich

227 3435 318 3494 duan
338 3434 501 3494 eeitwiirte
533 3431 671 3512 utegbog.
725 3431 820 3492 Hune
841 3431 1144 3514 interpretationem
1165 3445 1234 3491 ten·

251 3541 326 3580 uam
340 3517 438 3578 voice
455 3537 564 3578 veram
576 3513 818 3610 Bindemapuus
833 3513 950 3578 reddit.
973 3515 1136 3600 Equidem
1152 3537 1234 3578 non·

227 3539 305 3664 ilum
321 3600 438 3678 video,
462 3599 667 3684 quemobrem
685 3599 723 3660 ab
741 3598 858 3663 usitata
872 3601 1024 3662 vocabuli
1042 3595 1181 3684 προβολή
1196 3599 1230 3657 in

226 3711 263 3751 rc
276 3685 471 3773 gladiatorie
489 3683 747 3771 significatione,
794 3707 836 3748 uu
858 3684 1012 3769 exprimit
1028 3700 1152 3746 etatum
1166 3705 1231 3764 pu-
1315 3689 1318 3698 ⁴

226 3777 310 3857 gille
326 3777 361 3832 in
370 3776 543 3852 procinctu
557 3774 692 3844 stantia,
705 3706 920 3832 recchendum
935 3771 987 3831 eit.
1014 3771 1116 3830 Immo
1133 3766 1232 3849 aptis·

228 3859 308 3920 sima
323 3855 436 3919 existit
449 3854 620 3931 sententia,
645 3853 673 3914 ai
687 3859 796 3916 locum
813 3875 885 3914 cum
894 3853 1095 3918 Ruhnkenio
1112 3851 1230 3938 (Epist.

228 3944 300 4006 crit.
315 3942 342 4004 Ι.
365 3962 398 4024 Ρ.
416 3937 500 4027 155.)
522 3955 642 4002 vertat:
675 3940 798 4020 oblique
821 3961 843 3998 a
864 3952 956 4000 etatu
977 3945 1030 4003 vel
1048 3939 1157 4020 gradu
1173 3953 1230 3994 auo

225 4031 402 4092 declinans.
437 4027 491 4088 Sic
516 4025 612 4088 etiam
627 4023 811 4108 Stephanus
826 4023 861 4084 in
883 4023 964 4086 thes.
977 4027 1003 4086 Ι.
1018 4045 1050 4106 Ρ.
1067 4021 1138 4106 699.
1153 4021 1231 4080 item

226 4113 380 4178 Vossius:
404 4113 527 4194 eehrr‘ig
537 4112 663 4192 hinweg
677 4133 738 4172 aue
754 4109 809 4170 der
824 4110 968 4192 Stelluag
978 4109 1122 4206 gebercgt.
1149 4115 1189 4174 K.

184 4237 259 4285 120·
282 4215 376 4305 ἑτέρῳ
388 4213 530 4280 Brunck.
544 4211 709 4298 reacripeit
721 4232 762 4276 ex
774 4209 1001 4321 emendatione
1015 4205 1150 4290 Toupii,
1174 4201 1232 4292 qui
