2796 5024
223 479 550 547 THEOCRITI
592 481 873 551 IDYLLION
901 489 929 554 Ι.
1079 501 1115 566 51

54 653 87 720 Et
99 653 237 742 leporee
249 651 350 741 figit,
375 665 411 719 et
426 651 515 718 serae
526 675 644 722 omnes
658 655 884 743 persequitur.

10 829 13 870 ,
88 756 230 846 lncipite
253 756 474 836 bucolicum,
495 758 612 824 Musae
632 781 746 842 carae,
769 757 907 846 incipite
923 782 1071 831 carmen.

8 870 10 924 l
54 861 126 941 Fac,
146 873 186 926 vt
208 859 340 926 iterem
360 862 515 927 cominus
529 861 572 925 ud
586 859 787 928 Diomedem
802 863 950 946 accedun,

6 946 9 1052 l
52 963 90 1030 Et
109 963 180 1044 dic,
203 975 382 1052 pastorem
395 961 494 1030 vineo
507 961 742 1052 Daphnidem,
766 987 826 1052 age
841 987 955 1053 pugne
968 989 1114 1040 mecum.

4 1062 7 1200 Ι
87 1065 227 1154 incipite
253 1065 466 1147 bucolicum,
487 1068 606 1132 Musae
620 1087 735 1146 carue,
757 1067 895 1155 incipite
910 1092 1059 1142 carmen.

4 1209 8 1259 q
49 1169 77 1233 0
96 1170 190 1257 lupi,
213 1191 236 1234 o
254 1169 351 1236 thoes
358 1216 369 1252 ,
392 1189 415 1232 ο
427 1168 513 1250 πεί,
537 1167 651 1256 quiin
667 1169 838 1234 montium
851 1169 967 1240 lustrie
982 1175 1113 1264 degitis,

51 1326 257 1344 Q*

104 1433 275 1494 verissime
290 1441 446 1492 monente
459 1426 588 1491 Gruelio
603 1449 637 1510 p.
654 1423 705 1502 6.‚
730 1450 824 1512 saepe
834 1429 993 1516 Virgilius
1003 1435 1111 1501 Theo·

110 1517 232 1578 critum
254 1517 302 1577 ite
326 1515 473 1576 imitatus
488 1529 553 1592 est,
578 1528 615 1574 vt
630 1511 737 1574 verbis
755 1513 884 1596 quidem
900 1532 932 1577 et
947 1522 1111 1589 coloribus

102 1601 327 1685 undecimque
349 1621 368 1662 e
391 1621 504 1685 gracco
527 1613 602 1660 vete
625 1597 770 1659 collectis
792 1613 825 1660 et
839 1603 1009 1681 mutuatis,
1034 1629 1109 1690 pro.

96 1689 213 1772 priam
230 1701 352 1760 nmen,
376 1705 472 1768 saepe
490 1682 749 1759 diversissimam,
765 1685 959 1750 sententium
974 1689 1021 1751 sic
1033 1713 1109 1776 pro-

111 1771 257 1834 cuderet.
301 1771 422 1833 Kieeel.

73 1927 138 1972 tro.
161 1901 292 1984 me'm
312 1906 431 1996 (quem
455 1921 624 1968 accentum
648 1903 760 1968 dorico
781 1925 869 1968 more
893 1908 1112 1979 reducendum

108 1992 172 2057 iarn
186 1992 322 2076 putavit
335 1991 542 2054 Cueeuhonue
556 2013 588 2074 p.
603 1990 722 2055 etun.
737 1997 786 2071 (p.
801 1989 852 2054 64.
868 1992 903 2054 in
919 1994 968 2058 ed.
984 1997 1111 2084 Reish.)

107 2093 142 2140 et
164 2079 264 2144 τᾶλλα
289 2077 361 2160 (vti
385 2075 479 2140 codd.
504 2091 537 2138 et
557 2076 683 2160 priscae
708 2073 863 2158 quaedam
876 2077 1040 2144 editiones
1055 2083 1111 2146 he.

109 2161 232 2244 bent,)
255 2161 406 2245 reposuit
425 2159 568 2224 Brunolt.
592 2157 756 2243 Equidem
779 2157 896 2243 πάντα,
919 2163 951 2225 b.
966 2187 994 2230 e.
1018 2174 1110 2232 aller·

109 2253 184 2329 ley,
207 2270 316 2310 cervo.
339 2249 440 2309 Harl.
469 2242 569 2314 πιόντα
593 2245 691 2311 estin
707 2245 855 2329 plurimis
869 2246 941 2311 cdd.
963 2251 1059 2320 edua
1074 2255 1109 2315 in

109 2335 221 2417 pentir
244 2347 278 2396 et
292 2331 346 2401 ed.
362 2333 443 2396 call.
488 2333 609 2396 Kieeel.

72 2487 141 2534 112.
165 2469 250 2532 Ante
264 2468 351 2546 ὅπως
364 2492 437 2530 curn
454 2469 555 2534 echol-
572 2473 687 2552 eupple
700 2467 767 2552 ὅρα.
790 2469 939 2557 uviger.
955 2471 995 2534 de
1010 2471 1106 2538 idiot.

109 2575 159 2638 gr.
180 2555 258 2640 ling.
285 2577 355 2638 cap.
374 2555 447 2618 VII.
470 2571 547 2618 sect.
571 2555 612 2614 X.
635 2575 668 2616 n.
692 2553 722 2618 6.
745 2576 777 2636 p.
794 2554 865 2620 435.
883 2578 952 2640 sqq.
991 2557 1106 2638 (Adde

109 2639 274 2701 Matthiae
298 2661 398 2726 gram.
419 2662 466 2724 gr.
481 2661 514 2722 p.
530 2637 602 2712 758.
625 2639 667 2698 L.
687 2639 764 2702 Boe.
786 2637 825 2700 de
845 2639 961 2722 Ellipe.
986 2664 1018 2724 p.
1035 2643 1107 2710 645,

107 2721 236 2785 Scheef.
251 2727 309 2804 K.)
333 2739 366 2785 et
380 2724 534 2788 Valcken.
556 2722 597 2786 ad
612 2723 644 2784 b.
659 2725 681 2784 l.
702 2720 813 2799 ’Ioioc,
836 2745 909 2784 cum
923 2724 988 2785 ulio
1008 2727 1107 2792 verbo

73 2817 78 2832 '
110 2810 277 2886 iunctum,
303 2809 559 2885 contentionem,
576 2806 732 2883 studium,
747 2807 993 2869 festinationem
1008 2809 1108 2894 signi·

108 2893 199 2954 licat:
223 2894 270 2962 sio
293 2895 357 2954 alia
379 2915 445 2978 quo
468 2891 630 2956 uererbe.
652 2891 730 2955 vide
744 2892 782 2955 ll.
797 2915 827 2968 7.
849 2891 962 2978 ibique
978 2909 1106 2972 notam;

107 2977 188 3049 ibid.
209 2999 240 3043 r.
258 2980 329 3044 152.
351 2979 408 3042 Xl.
425 2917 475 3044 26.
507 2977 662 3042 Dorville
682 2977 724 3041 ad
739 2976 908 3040 Chariton.
923 2999 955 3059 p.
971 2997 1044 3064 297.
1060 2979 1105 3066 (p.

107 3059 179 3150 379.
200 3062 263 3125 Ed.
272 3062 381 3146 Lips.)
404 3067 508 3126 Zeun.
525 3061 566 3124 ad
576 3063 681 3147 Vigor.
695 3085 727 3146 p.
737 3061 809 3148 549.
833 3063 969 3126 Seuius:
993 3069 1108 3126 irenem

108 3147 139 3212 'et
160 3152 303 3210 celeriter
323 3151 511 3236 congredere
531 3169 604 3208 cum
623 3149 778 3212 Diomede
784 3171 798 3222 ,·
826 3161 899 3224 nut,
935 3163 970 3208 vt
991 3149 1104 3213 Reielt.

108 3234 221 3296 vertit:
246 3237 262 3293 ἰ
274 3255 407 3314 propere
427 3247 458 3294 et
473 3237 559 3307 uide,
584 3245 620 3294 vt
638 3254 711 3292 cum
726 3233 880 3294 Diomede
894 3238 1012 3294 iterum
1028 3256 1107 3295 con-

107 3321 279 3402 grediarie.
324 3315 461 3380 Fundus
476 3333 524 3382 est
536 3317 668 3379 Homer.
686 3315 778 3378 llied.
794 3341 820 3386 e.
836 3315 907 3384 356.
923 3339 989 3404 eqq.
1013 3319 1105 3380 Reis-

109 3405 158 3466 kii
176 3405 398 3467 coniecturum
419 3403 458 3468 eie
472 3432 519 3480 τις
534 3401 598 3462 iam
613 3400 725 3464 reiecit
739 3401 894 3464 Valcken.
910 3403 966 3486 qui
981 3425 1022 3466 ex
1034 3409 1107 3486 plu·

110 3490 196 3552 tibur
218 3487 291 3553 cdd.
314 3509 375 3572 pro
402 3489 523 3553 norieto
545 3485 642 3576 στασῇ
665 3483 755 3549 dedit
776 3488 912 3548 formam
934 3487 997 3550 lut.
1019 3487 1106 3550 dori·

112 3598 176 3640 cem
189 3577 307 3663 στασῇ,
331 3577 506 3636 consister:
530 3570 640 3658 qualia
655 3571 767 3633 hrture
781 3585 925 3656 tempore
940 3573 1106 3648 ουιιιὸηως
1209 3647 1213 3662 ι
1322 3597 1328 3610 ·

112 3660 147 3722 in
179 3657 344 3724 eiusmodi
374 3659 550 3724 contractis
577 3659 611 3718 lo
635 3653 735 3717 uendi
763 3656 914 3719 formulis
943 3661 1107 3741 eleganter

106 3745 216 3896 lidrgd’
239 3747 319 3808 iure
339 3740 467 3806 docuit.
497 3742 594 3808 Conf.
646 3740 761 3808 aweeii
775 3741 875 3806 Mino.
893 3742 964 3806 crit.
983 3764 1017 3826 p.
1035 3761 1106 3828 227.

71 3969 201 4040 113.Pro'
209 3963 316 4056 μάχευ
331 3961 482 4049 poe-dunt
495 3965 625 4112 quidam
641 3965 756 4029 cdd.et
769 3962 926 4028 EdFlor.
941 3961 1106 4046 μαχεῦμαι,

103 4073 265 4142 corrupte.
294 4053 337 4114 In
356 4045 482 4132 Δάφνιν
526 4073 579 4114 .r.
600 4067 632 4114 et
650 4051 719 4116 116.
733 4051 838 4133 prime
854 4047 1048 4130 corripitur,
1073 4061 1108 4106 vt

96 4145 214 4230 passim
235 4141 274 4200 in
298 4139 419 4238 rim,
442 4131 546 4220 λάχη,
568 4133 661 4221 ἀκμή,
682 4139 794 4213 trienne,
815 4131 941 4216 πότμος,
955 4127 1106 4234 σταθμός,

94 4229 235 4318 ῥυθμός,
257 4223 428 4311 civerim»
447 4219 580 4308 ἔρημός.
624 4225 815 4369 [siruelm
