2816 5014
227 429 229 432 ’
267 437 309 498 22
448 424 767 492 OEOKPII'OY
790 419 1103 488 BJATAAJoN
1117 415 1153 490 ci.

269 589 376 670 Ἀλλ’.
386 588 454 670 διδ
468 597 537 687 μὲν
553 593 667 691 τῆνον
680 596 937 690 ποτιδέρκεται
955 591 1073 692 ἄνδρα
1087 592 1265 688 νιλιδσοι,

265 695 431 773 ’Λλλοιιο
447 695 477 771 δ
494 693 542 770 αὖ
557 696 643 768 ποτὶ
656 690 723 770 triv
742 703 868 795 ῥιπτεῖ
877 690 976 771 νόον.
1004 703 1041 770 οἱ
1055 693 1084 772 δ
1100 693 1159 770 ὑπ’
1172 697 1329 795 ἔρωτος

272 794 389 898 Areo?
408 792 680 881 ιυλοιδιόωντις
693 795 828 876 ἑτολάια
841 798 1097 894 μοχθλσδοντι.

278 907 361 983 Τοῖς
377 901 416 975 dd
432 906 529 998 μέτα
540 896 688 1000 γριπιδς
703 931 745 976 τι
761 905 875 1001 γέρων
891 905 1008 1000 πέτρα
1025 930 1068 977 τι
1081 906 1269 978 τέτυκται

272 997 434 1101 Amori,
445 1003 499 1103 ἐφ’
514 1001 541 1100 ᾇ
558 999 720 1079 σπεύδων
730 1009 826 1100 μέγα
842 1004 988 1080 δι’ντιιον
1005 1011 1039 1088 ἐς
1046 1001 1159 1098 βόλον
1176 1013 1284 1082 ἕλοιεν
1300 1029 1354 1096 4ο

272 1106 317 1180 Ὀ
341 1109 517 1204 πρέσβυς,
544 1103 724 1202 κάμνοντι
747 1103 793 1182 ro*
806 1101 986 1206 ναρτιρόν
1001 1105 1106 1206 ἀνδρὶ
1122 1105 1264 1192 ἐοικώς.

275 1207 391 1308 Φαίης
405 1239 465 1286 νον
481 1209 590 1308 γυίων
606 1211 663 1286 viv
679 1209 767 1284 ὅσον
783 1215 913 1292 σθένος
933 1206 1167 1285 ertemarius·

267 1308 370 1386 Ὧδέ
383 1319 420 1386 οἱ
437 1309 617 1414 ῴδήιιαντι
634 1309 711 1388 κατ’
728 1311 864 1406 αὐχένα
877 1308 1066 1388 πάντοθεν
1082 1311 1167 1404 ἶνες,

272 1411 353 1490 Καὶ
368 1418 484 1518 πολιῷ
498 1444 567 1518 περ
584 1410 695 1492 ἐόντι·
721 1409 768 1494 eti
778 1418 824 1506 Ιδὲ
842 1421 971 1499 σθένος
986 1415 1089 1500 ἄξιον
1104 1413 1207 1512 ὄβας.

271 1577 480 1602 m

335 1673 464 1750 „rantis
480 1671 646 1774 suprarii?
659 1679 682 1714 “
702 1653 828 1740 Eodem
840 1676 979 1739 redeunt
995 1696 1077 1762 quae
1091 1695 1154 1740 van
1162 1673 1271 1740 Driel
1287 1698 1354 1761 pro

339 1753 399 1819 hac
424 1758 643 1844 descrrptione
660 1761 757 1824 dixit.
801 1765 919 1824 Kiecsl.

293 1855 346 1922 56.
368 1854 506 1930 ‹iii'c'xci
516 1861 589 1947 μὲν]
607 1863 692 1926 hanc
707 1857 840 1927 Heinsii
857 1879 891 1928 et
903 1864 1057 1928 Wartoni
1074 1860 1350 1926 emendationem

279 2005 282 2010 ,
336 1966 396 2029 pro
416 1953 549 2032 vulgato
566 1947 681 2018 ἄλλοιν
692 1954 749 2036 μὲν
764 1965 956 2034 receperunt
967 1950 1130 2025 Brunck„
1155 1947 1351 2024 Valckena-

336 2031 405 2092 rius
429 2033 465 2092 in
479 2037 577 2094 altera
592 2035 739 2097 editione
754 2042 868 2120 (quum
883 2037 917 2096 in
933 2035 1038 2118 prime
1051 2033 1167 2101 ἄλλοιν
1180 2036 1243 2114 μὲν
1259 2033 1351 2094 locis

336 2115 520 2180 Homericis
541 2118 636 2182 Iliad.
660 2119 753 2197 XXI,
768 2119 841 2185 464.
857 2120 930 2184 466.
961 2120 1087 2196 xvm,
1104 2118 1177 2202 472·
1198 2120 1276 2203 159.
1302 2117 1346 2194 V,

335 2201 410 2286 595.
433 2217 466 2263 et
480 2201 648 2270 Theocrit.
669 2204 718 2272 Id.
731 2207 790 2282 lv,
805 2205 859 2270 45.
873 2203 1089 2285 defendisset)
1108 2218 1207 2288 atque
1222 2223 1346 2264 ornnes

317 2303 320 2307 ·
336 2299 414 2368 post
434 2285 523 2346 hunc
545 2288 696 2352 editores.
741 2289 793 2350 Ad
811 2287 963 2351 tuendam
979 2290 1157 2352 lectionem
1171 2301 1347 2369 receptam

334 2370 480 2434 Brunck.
492 2369 572 2434 haec
587 2379 733 2457 exempla
746 2375 875 2436 attulit:
899 2375 1032 2437 Homer.
1045 2371 1141 2436 Iliad.
1149 2373 1211 2444 XI,
1225 2369 1282 2435 64.
1293 2391 1346 2454 sq.

335 2453 462 2532 XVIII,
480 2454 500 2518 5
524 2476 553 2540 9.
566 2454 640 2521 δον.
662 2460 738 2536 XX,
755 2465 808 2546 49.
823 2480 873 2544 sq.
894 2459 1050 2543 Apollon.
1064 2457 1174 2520 Rhcd.
1188 2456 1252 2533 IV,
1265 2455 1345 2542 945.

302 2557 308 2566 ·
338 2539 481 2622 Oppian.
531 2541 641 2610 client.
659 2546 697 2620 V,
713 2541 891 2616 401.2.-
933 2544 1116 2607 Accentum
1142 2542 1178 2603 in
1198 2537 1260 2606 duri
1275 2539 1346 2624 pri·

336 2645 406 2684 mus
428 2626 571 2686 correxit
589 2626 793 2694 Schseferus.
838 2630 990 2694 Ceterum
1011 2651 1107 2726 quem
1128 2649 1187 2710 pro
1213 2639 1346 2686 mutate

335 2708 479 2772 lecti0ne
493 2709 637 2776 Brunck.
654 2713 748 2776 affert
766 2713 952 2776 dialectices
971 2728 1148 2785 rationem,
1172 2709 1256 2770 haec
1273 2730 1343 2770 non

335 2793 496 2872 violetur,
521 2795 647 2874 etiamsi
671 2798 786 2864 ἅλλοιτο
805 2801 862 2880 μὲν
883 2799 1058 2870 retinetur,
1092 2815 1191 2875 quum
1216 2795 1343 2854 omissa

334 2878 494 2962 particule
512 2877 717 2942 adversativa
740 2881 1004 2944 enuntiationum
1028 2877 1066 2940 ed
1082 2876 1277 2938 seinvicem
1293 2899 1344 2938 re·

333 2965 415 3026 latio
430 2983 497 3026 non
509 2967 653 3028 tollatur.
679 2965 885 3028 Concitatior
900 2965 986 3026 enim
1000 2963 1107 3024 oratio
1118 2960 1245 3024 omittit
1260 2983 1343 3024 con·

334 3047 538 3125 iunctiones,
563 3071 699 3134 querum
722 3049 865 3113 vinculis
886 3047 1030 3113 sedatior
1052 3047 1192 3108 membra
1215 3067 1341 3109 conne-

335 3133 406 3196 cti&
418 3165 462 3184 ··
491 3136 623 3196 Praeter
638 3135 769 3222 φιλοῦσα
789 3149 903 3197 extent
917 3134 954 3196 in
974 3131 1056 3198 Cdd.
1073 3133 1195 3195 formae
1208 3133 1343 3215 γελῶσα,

333 3221 475 3304 νιλοῒσα.
495 3220 621 3306 γελοῖον.
666 3223 782 3282 meat.

281 3299 344 3368 58.
368 3306 607 3386 ιιυλοιδιόοιντις]
630 3305 739 3368 Schol.
755 3305 1008 3390 interpretetur,
1031 3303 1182 3380 οἰδοῦντος
1195 3297 1235 3368 cci
1250 3303 1342 3380 κοῖλα

336 3387 376 3456 cci
394 3388 455 3457 δπδ
476 3387 547 3466 τούς·
561 3387 762 3474 ὄφθαλμοὺς,
784 3391 898 3473 quibus
915 3390 1083 3472 inferiores
1091 3389 1266 3470 palpebrae
1282 3400 1339 3446 tu-

337 3488 432 3538 ment.
455 3475 486 3537 A
501 3495 574 3538 voc.
594 3476 696 3560 igitur
712 3481 813 3544 κοῖλον
827 3474 1011 3558 derivetur,
1037 3473 1127 3558 quod
1141 3472 1272 3536 vberius
1289 3473 1340 3530 in·

335 3574 533 3644 terpretetur
553 3561 688 3622 Fcesius
712 3561 747 3620 in
769 3560 970 3624 Oeconomin
986 3559 1199 3642 Hippocratis
1209 3579 1246 3640 p.
1263 3553 1340 3622 545.

330 3644 390 3708 sed
405 3659 501 3728 errat,
527 3666 599 3706 cum
615 3645 798 3721 contendit,
824 3645 975 3708 vitiosam
990 3666 1059 3706 esse
1073 3644 1266 3726 scripturam
1283 3667 1339 3708 κν-

337 3734 415 3798 λοιδ.
444 3729 552 3791 Prima
568 3728 700 3814 quidem
716 3730 874 3813 scriptura
889 3730 990 3792 fuerit
1004 3733 1186 3812 τοιλοιδιᾷν,
1206 3725 1279 3804 sed,
1303 3722 1339 3785 id

338 3813 428 3901 quod
449 3814 607 3880 Valcken.
633 3816 697 3876 iam
720 3815 865 3892 monuit,
891 3835 1005 3877 sonum
1025 3813 1156 3888 nuribus
1173 3813 1339 3896 ingratum

284 3957 287 3965 .
334 3923 412 3963 vsus
433 3899 468 3960 in
489 3901 646 3984 νυλοιδιᾷν
666 3900 818 3963 mutavit.
848 3902 919 3963 Imo
940 3920 1018 3961 vero
1035 3901 1112 3966 νῦλοι
1129 3912 1163 3959 et
1178 3897 1336 3980 solertioris

332 3985 455 4070 vbique
468 3985 673 4048 scribendum
687 4005 765 4059 esse,
788 3984 904 4048 statuit
918 3983 1096 4060 Ruhnken.
1109 3982 1150 4044 nd
1166 3983 1335 4044 Timaeum

336 4095 370 4157 p.
392 4068 460 4158 169.
474 4070 530 4132 vbi
548 4069 665 4133 dehoc
680 4069 780 4133 verbo
797 4070 925 4154 egregie
943 4068 1097 4152 disputet.
1120 4069 1161 4128 In
1176 4066 1241 4130 hoc
1256 4086 1346 4150 quo-t

336 4179 401 4244 que
424 4177 519 4220 versu
533 4171 663 4246 poetam
677 4157 882 4242 μσχδλσδονιι
895 4154 1060 4238 scripsisse
1078 4151 1182 4216 credit
1203 4151 1338 4218 Valcke-
