<?xml version="1.0" encoding="UTF-8"?>
<!DOCTYPE html PUBLIC "-//W3C//DTD XHTML 1.0 Transitional//EN"
    "http://www.w3.org/TR/xhtml1/DTD/xhtml1-transitional.dtd">
<html xmlns="http://www.w3.org/1999/xhtml" xml:lang="en" lang="en">
 <head>
  <title>
</title>
<meta http-equiv="Content-Type" content="text/html;charset=utf-8" />
  <meta name='ocr-system' content='tesseract 3.04.00' />
  <meta name='ocr-capabilities' content='ocr_page ocr_carea ocr_par ocr_line ocrx_word'/>
</head>
<body>
  <div class='ocr_page' id='page_1' title='image "./theocritireliqv00kiesgoog_0682.png"; bbox 0 0 2950 5024; ppageno 0'>
   <div class='ocr_carea' id='block_1_1' title="bbox 275 473 1196 572">
    <p class='ocr_par' dir='ltr' id='par_1_1' title="bbox 275 473 1196 572">
     <span class='ocr_line' id='line_1_1' title="bbox 275 473 1196 572; baseline 0.011 -30"><span class='ocrx_word' id='word_1_1' title='bbox 275 475 583 544; x_wconf 81' lang='lat' dir='ltr'><strong>rnnooa1r1</strong></span> <span class='ocrx_word' id='word_1_2' title='bbox 612 473 885 542; x_wconf 80' lang='lat' dir='ltr'><strong>1nrnn101r</strong></span> <span class='ocrx_word' id='word_1_3' title='bbox 914 477 1042 548; x_wconf 56' lang='lat' dir='ltr'><strong>xxv,</strong></span> <span class='ocrx_word' id='word_1_4' title='bbox 1130 479 1196 572; x_wconf 73' lang='lat'><strong>675</strong></span> 
     </span>
    </p>
   </div>
   <div class='ocr_carea' id='block_1_2' title="bbox 106 642 1188 2480">
    <p class='ocr_par' dir='ltr' id='par_1_2' title="bbox 116 642 969 736">
     <span class='ocr_line' id='line_1_2' title="bbox 116 642 969 736; baseline -0.004 -18"><span class='ocrx_word' id='word_1_5' title='bbox 116 647 186 718; x_wconf 86' lang='lat' dir='ltr'><strong>Sed</strong></span> <span class='ocrx_word' id='word_1_6' title='bbox 202 642 325 718; x_wconf 88' lang='lat' dir='ltr'><strong>deinde</strong></span> <span class='ocrx_word' id='word_1_7' title='bbox 340 649 446 716; x_wconf 84' lang='lat' dir='ltr'><strong>boves</strong></span> <span class='ocrx_word' id='word_1_8' title='bbox 460 648 683 732; x_wconf 74' lang='lat' dir='ltr'>innumerae,</span> <span class='ocrx_word' id='word_1_9' title='bbox 700 646 784 714; x_wconf 82' lang='lat' dir='ltr'><strong>aliae</strong></span> <span class='ocrx_word' id='word_1_10' title='bbox 798 659 876 736; x_wconf 87' lang='lat' dir='ltr'><strong>post</strong></span> <span class='ocrx_word' id='word_1_11' title='bbox 889 649 969 715; x_wconf 85' lang='lat' dir='ltr'><strong>alias</strong></span> 
     </span>
    </p>

    <p class='ocr_par' dir='ltr' id='par_1_3' title="bbox 115 745 1058 841">
     <span class='ocr_line' id='line_1_3' title="bbox 115 745 1058 841; baseline 0 -23"><span class='ocrx_word' id='word_1_12' title='bbox 115 751 300 818; x_wconf 76' lang='lat' dir='ltr'><strong>Venientes</strong></span> <span class='ocrx_word' id='word_1_13' title='bbox 314 751 628 841; x_wconf 73' lang='lat' dir='ltr'><strong>conspiciebantur,</strong></span> <span class='ocrx_word' id='word_1_14' title='bbox 650 750 738 814; x_wconf 86' lang='lat' dir='ltr'><strong>sicut</strong></span> <span class='ocrx_word' id='word_1_15' title='bbox 750 751 856 817; x_wconf 89' lang='lat' dir='ltr'><strong>nubes</strong></span> <span class='ocrx_word' id='word_1_16' title='bbox 869 745 1058 840; x_wconf 84' lang='lat' dir='ltr'><strong>pluvioaae,</strong></span> 
     </span>
    </p>

    <p class='ocr_par' dir='ltr' id='par_1_4' title="bbox 116 853 734 944">
     <span class='ocr_line' id='line_1_4' title="bbox 116 853 734 944; baseline -0.005 -25"><span class='ocrx_word' id='word_1_17' title='bbox 116 853 214 944; x_wconf 89' lang='lat' dir='ltr'><strong>Quot</strong></span> <span class='ocrx_word' id='word_1_18' title='bbox 225 854 263 920; x_wconf 91' lang='lat' dir='ltr'><strong>in</strong></span> <span class='ocrx_word' id='word_1_19' title='bbox 277 857 370 922; x_wconf 87' lang='lat' dir='ltr'><strong>coelo</strong></span> <span class='ocrx_word' id='word_1_20' title='bbox 387 869 472 922; x_wconf 90' lang='lat' dir='ltr'><strong>eunt</strong></span> <span class='ocrx_word' id='word_1_21' title='bbox 485 866 580 920; x_wconf 87' lang='lat' dir='ltr'><strong>actae</strong></span> <span class='ocrx_word' id='word_1_22' title='bbox 595 855 734 941; x_wconf 80' lang='lat' dir='ltr'><strong>prorsus</strong></span> 
     </span>
    </p>

    <p class='ocr_par' dir='ltr' id='par_1_5' title="bbox 114 955 734 1040">
     <span class='ocr_line' id='line_1_5' title="bbox 114 955 734 1040; baseline -0.013 -16"><span class='ocrx_word' id='word_1_23' title='bbox 114 959 179 1024; x_wconf 82' lang='lat' dir='ltr'><strong>Vel</strong></span> <span class='ocrx_word' id='word_1_24' title='bbox 194 958 267 1024; x_wconf 89' lang='lat' dir='ltr'><strong>noti</strong></span> <span class='ocrx_word' id='word_1_25' title='bbox 282 959 332 1040; x_wconf 91' lang='lat' dir='ltr'><strong>vi,</strong></span> <span class='ocrx_word' id='word_1_26' title='bbox 354 957 411 1023; x_wconf 84' lang='lat' dir='ltr'><strong>vel</strong></span> <span class='ocrx_word' id='word_1_27' title='bbox 424 955 577 1023; x_wconf 83' lang='lat' dir='ltr'><strong>Threicii</strong></span> <span class='ocrx_word' id='word_1_28' title='bbox 593 955 734 1022; x_wconf 74' lang='lat' dir='ltr'><strong>boreae:</strong></span> 
     </span>
    </p>

    <p class='ocr_par' dir='ltr' id='par_1_6' title="bbox 109 1056 916 1139">
     <span class='ocr_line' id='line_1_6' title="bbox 109 1056 916 1139; baseline -0.004 -11"><span class='ocrx_word' id='word_1_29' title='bbox 109 1061 245 1128; x_wconf 81' lang='lat' dir='ltr'><strong>Harum</strong></span> <span class='ocrx_word' id='word_1_30' title='bbox 262 1084 334 1129; x_wconf 88' lang='lat' dir='ltr'><strong>non</strong></span> <span class='ocrx_word' id='word_1_31' title='bbox 353 1081 519 1126; x_wconf 87' lang='lat' dir='ltr'><strong>numerus</strong></span> <span class='ocrx_word' id='word_1_32' title='bbox 539 1069 588 1126; x_wconf 87' lang='lat' dir='ltr'><strong>eat</strong></span> <span class='ocrx_word' id='word_1_33' title='bbox 600 1057 637 1124; x_wconf 90' lang='lat' dir='ltr'><strong>in</strong></span> <span class='ocrx_word' id='word_1_34' title='bbox 651 1079 732 1122; x_wconf 85' lang='lat' dir='ltr'><strong>aere</strong></span> <span class='ocrx_word' id='word_1_35' title='bbox 748 1056 916 1139; x_wconf 85' lang='lat' dir='ltr'><strong>euntium,</strong></span> 
     </span>
    </p>

    <p class='ocr_par' dir='ltr' id='par_1_7' title="bbox 110 1159 1072 1250">
     <span class='ocr_line' id='line_1_7' title="bbox 110 1159 1072 1250; baseline -0.001 -20"><span class='ocrx_word' id='word_1_36' title='bbox 110 1161 231 1250; x_wconf 80' lang='lat' dir='ltr'><strong>Neque</strong></span> <span class='ocrx_word' id='word_1_37' title='bbox 246 1163 384 1230; x_wconf 78' lang='lat' dir='ltr'><strong>modus:</strong></span> <span class='ocrx_word' id='word_1_38' title='bbox 406 1172 457 1228; x_wconf 85' lang='lat' dir='ltr'><strong>tot</strong></span> <span class='ocrx_word' id='word_1_39' title='bbox 470 1162 563 1228; x_wconf 86' lang='lat' dir='ltr'><strong>enirn</strong></span> <span class='ocrx_word' id='word_1_40' title='bbox 579 1159 755 1248; x_wconf 79' lang='lat' dir='ltr'><strong>prioribus</strong></span> <span class='ocrx_word' id='word_1_41' title='bbox 774 1163 984 1248; x_wconf 77' lang='lat' dir='ltr'><strong>agglomerat</strong></span> <span class='ocrx_word' id='word_1_42' title='bbox 1069 1193 1072 1202; x_wconf 92' lang='lat'>·</span> 
     </span>
    </p>

    <p class='ocr_par' dir='ltr' id='par_1_8' title="bbox 110 1262 1024 1351">
     <span class='ocr_line' id='line_1_8' title="bbox 110 1262 1024 1351; baseline 0.002 -21"><span class='ocrx_word' id='word_1_43' title='bbox 110 1262 173 1330; x_wconf 84' lang='lat' dir='ltr'><strong>Vis</strong></span> <span class='ocrx_word' id='word_1_44' title='bbox 189 1265 301 1343; x_wconf 83' lang='lat' dir='ltr'><strong>venti,</strong></span> <span class='ocrx_word' id='word_1_45' title='bbox 323 1277 358 1332; x_wconf 90' lang='lat' dir='ltr'><strong>et</strong></span> <span class='ocrx_word' id='word_1_46' title='bbox 373 1265 457 1332; x_wconf 87' lang='lat' dir='ltr'><strong>aliae</strong></span> <span class='ocrx_word' id='word_1_47' title='bbox 474 1274 655 1348; x_wconf 86' lang='lat' dir='ltr'><strong>assurgunt</strong></span> <span class='ocrx_word' id='word_1_48' title='bbox 670 1283 788 1329; x_wconf 86' lang='lat' dir='ltr'><strong>rursus</strong></span> <span class='ocrx_word' id='word_1_49' title='bbox 803 1265 1024 1351; x_wconf 72' lang='lat' dir='ltr'><strong>superabas:</strong></span> 
     </span>
    </p>

    <p class='ocr_par' dir='ltr' id='par_1_9' title="bbox 107 1365 1188 1658">
     <span class='ocr_line' id='line_1_9' title="bbox 110 1365 1188 1457; baseline 0 -25"><span class='ocrx_word' id='word_1_50' title='bbox 110 1368 183 1432; x_wconf 90' lang='lat' dir='ltr'><strong>Tot</strong></span> <span class='ocrx_word' id='word_1_51' title='bbox 193 1387 328 1454; x_wconf 84' lang='lat' dir='ltr'><strong>semper</strong></span> <span class='ocrx_word' id='word_1_52' title='bbox 339 1387 432 1457; x_wconf 87' lang='lat' dir='ltr'><strong>pone</strong></span> <span class='ocrx_word' id='word_1_53' title='bbox 447 1365 552 1433; x_wconf 89' lang='lat' dir='ltr'><strong>boum</strong></span> <span class='ocrx_word' id='word_1_54' title='bbox 566 1375 722 1432; x_wconf 86' lang='lat' dir='ltr'><strong>armenta</strong></span> <span class='ocrx_word' id='word_1_55' title='bbox 728 1365 794 1432; x_wconf 89' lang='lat' dir='ltr'><strong>alia</strong></span> <span class='ocrx_word' id='word_1_56' title='bbox 809 1367 874 1430; x_wconf 86' lang='lat' dir='ltr'><strong>alia</strong></span> <span class='ocrx_word' id='word_1_57' title='bbox 886 1368 1188 1455; x_wconf 78' lang='lat' dir='ltr'><strong>superveniebant.</strong></span> 
     </span>
     <span class='ocr_line' id='line_1_10' title="bbox 111 1469 1077 1562; baseline 0 -28"><span class='ocrx_word' id='word_1_58' title='bbox 111 1470 236 1536; x_wconf 89' lang='lat' dir='ltr'><strong>Omnis</strong></span> <span class='ocrx_word' id='word_1_59' title='bbox 253 1469 358 1558; x_wconf 83' lang='lat' dir='ltr'><strong>igitur</strong></span> <span class='ocrx_word' id='word_1_60' title='bbox 371 1490 512 1558; x_wconf 88' lang='lat' dir='ltr'><strong>campus</strong></span> <span class='ocrx_word' id='word_1_61' title='bbox 522 1469 683 1560; x_wconf 88' lang='lat' dir='ltr'><strong>impletus</strong></span> <span class='ocrx_word' id='word_1_62' title='bbox 700 1479 767 1562; x_wconf 69' lang='lat' dir='ltr'><strong>opt,</strong></span> <span class='ocrx_word' id='word_1_63' title='bbox 790 1489 977 1554; x_wconf 86' lang='lat' dir='ltr'><strong>omnesque</strong></span> <span class='ocrx_word' id='word_1_64' title='bbox 992 1469 1077 1554; x_wconf 86' lang='lat' dir='ltr'><strong>viae,</strong></span> 
     </span>
     <span class='ocr_line' id='line_1_11' title="bbox 107 1569 958 1658; baseline 0 -20"><span class='ocrx_word' id='word_1_65' title='bbox 107 1572 238 1638; x_wconf 87' lang='lat' dir='ltr'><strong>Pecore</strong></span> <span class='ocrx_word' id='word_1_66' title='bbox 251 1569 446 1638; x_wconf 77' lang='lat' dir='ltr'><strong>incedentes</strong></span> <span class='ocrx_word' id='word_1_67' title='bbox 471 1569 716 1658; x_wconf 85' lang='lat' dir='ltr'><strong>gemebantque</strong></span> <span class='ocrx_word' id='word_1_68' title='bbox 731 1569 870 1658; x_wconf 86' lang='lat' dir='ltr'><strong>pingues</strong></span> <span class='ocrx_word' id='word_1_69' title='bbox 884 1572 958 1658; x_wconf 85' lang='lat' dir='ltr'><strong>agri</strong></span> 
     </span>
    </p>

    <p class='ocr_par' dir='ltr' id='par_1_10' title="bbox 107 1660 979 1760">
     <span class='ocr_line' id='line_1_12' title="bbox 107 1660 979 1760; baseline -0.002 -20"><span class='ocrx_word' id='word_1_70' title='bbox 107 1671 265 1759; x_wconf 78' lang='lat' dir='ltr'><strong>Mugitus</strong></span> <span class='ocrx_word' id='word_1_71' title='bbox 287 1683 362 1742; x_wconf 89' lang='lat' dir='ltr'><strong>tum</strong></span> <span class='ocrx_word' id='word_1_72' title='bbox 377 1672 507 1740; x_wconf 87' lang='lat' dir='ltr'><strong>stabula</strong></span> <span class='ocrx_word' id='word_1_73' title='bbox 523 1671 628 1738; x_wconf 90' lang='lat' dir='ltr'><strong>boum</strong></span> <span class='ocrx_word' id='word_1_74' title='bbox 643 1669 741 1738; x_wconf 83' lang='lat' dir='ltr'><strong>facile</strong></span> <span class='ocrx_word' id='word_1_75' title='bbox 757 1660 884 1760; x_wconf 83' lang='lat' dir='ltr'><strong>repleta</strong></span> <span class='ocrx_word' id='word_1_76' title='bbox 897 1684 979 1738; x_wconf 89' lang='lat' dir='ltr'><strong>sunt</strong></span> 
     </span>
    </p>

    <p class='ocr_par' dir='ltr' id='par_1_11' title="bbox 107 1765 1172 2071">
     <span class='ocr_line' id='line_1_13' title="bbox 108 1765 1172 1866; baseline -0.004 -22"><span class='ocrx_word' id='word_1_77' title='bbox 108 1773 222 1844; x_wconf 86' lang='lat' dir='ltr'><strong>Bubus</strong></span> <span class='ocrx_word' id='word_1_78' title='bbox 234 1774 477 1866; x_wconf 83' lang='lat' dir='ltr'><strong>flexipedibus‚</strong></span> <span class='ocrx_word' id='word_1_79' title='bbox 500 1795 651 1860; x_wconf 83' lang='lat' dir='ltr'><strong>ovesque</strong></span> <span class='ocrx_word' id='word_1_80' title='bbox 664 1773 702 1838; x_wconf 92' lang='lat' dir='ltr'><strong>in</strong></span> <span class='ocrx_word' id='word_1_81' title='bbox 717 1774 818 1838; x_wconf 81' lang='lat' dir='ltr'><strong>caulis</strong></span> <span class='ocrx_word' id='word_1_82' title='bbox 831 1774 1099 1842; x_wconf 85' lang='lat' dir='ltr'><strong>stabulabantur.</strong></span> <span class='ocrx_word' id='word_1_83' title='bbox 1164 1765 1172 1776; x_wconf 57' lang='lat'>⁵</span> 
     </span>
     <span class='ocr_line' id='line_1_14' title="bbox 107 1875 1116 1970; baseline 0.002 -28"><span class='ocrx_word' id='word_1_84' title='bbox 107 1875 179 1956; x_wconf 90' lang='lat' dir='ltr'><strong>Ibi,</strong></span> <span class='ocrx_word' id='word_1_85' title='bbox 201 1898 308 1962; x_wconf 91' lang='lat' dir='ltr'><strong>quum</strong></span> <span class='ocrx_word' id='word_1_86' title='bbox 325 1878 469 1970; x_wconf 86' lang='lat' dir='ltr'><strong>pecudes</strong></span> <span class='ocrx_word' id='word_1_87' title='bbox 490 1877 689 1943; x_wconf 80' lang='lat' dir='ltr'><strong>innumerae</strong></span> <span class='ocrx_word' id='word_1_88' title='bbox 705 1888 834 1960; x_wconf 89' lang='lat' dir='ltr'><strong>essent,</strong></span> <span class='ocrx_word' id='word_1_89' title='bbox 856 1879 971 1946; x_wconf 90' lang='lat' dir='ltr'><strong>nullus</strong></span> <span class='ocrx_word' id='word_1_90' title='bbox 987 1876 1116 1944; x_wconf 88' lang='lat' dir='ltr'><strong>otiosus</strong></span> 
     </span>
     <span class='ocr_line' id='line_1_15' title="bbox 108 1975 781 2071; baseline -0.001 -25"><span class='ocrx_word' id='word_1_91' title='bbox 108 1975 232 2046; x_wconf 79' lang='lat' dir='ltr'><strong>Stabat</strong></span> <span class='ocrx_word' id='word_1_92' title='bbox 249 1979 341 2071; x_wconf 90' lang='lat' dir='ltr'><strong>apud</strong></span> <span class='ocrx_word' id='word_1_93' title='bbox 358 1981 461 2046; x_wconf 86' lang='lat' dir='ltr'><strong>boves</strong></span> <span class='ocrx_word' id='word_1_94' title='bbox 483 1979 594 2069; x_wconf 87' lang='lat' dir='ltr'><strong>operis</strong></span> <span class='ocrx_word' id='word_1_95' title='bbox 606 1977 781 2068; x_wconf 80' lang='lat' dir='ltr'><strong>indigens:</strong></span> 
     </span>
    </p>

    <p class='ocr_par' dir='ltr' id='par_1_12' title="bbox 106 2079 761 2173">
     <span class='ocr_line' id='line_1_16' title="bbox 106 2079 761 2173; baseline -0.006 -23"><span class='ocrx_word' id='word_1_96' title='bbox 106 2079 177 2150; x_wconf 75' lang='lat' dir='ltr'><strong>Sed</strong></span> <span class='ocrx_word' id='word_1_97' title='bbox 194 2081 278 2152; x_wconf 88' lang='lat' dir='ltr'><strong>alins</strong></span> <span class='ocrx_word' id='word_1_98' title='bbox 296 2079 438 2173; x_wconf 86' lang='lat' dir='ltr'><strong>pedibus</strong></span> <span class='ocrx_word' id='word_1_99' title='bbox 453 2083 533 2148; x_wconf 91' lang='lat' dir='ltr'><strong>loris</strong></span> <span class='ocrx_word' id='word_1_100' title='bbox 548 2081 636 2146; x_wconf 87' lang='lat' dir='ltr'><strong>bene</strong></span> <span class='ocrx_word' id='word_1_101' title='bbox 648 2081 761 2148; x_wconf 88' lang='lat' dir='ltr'><strong>incisis</strong></span> 
     </span>
    </p>

    <p class='ocr_par' dir='ltr' id='par_1_13' title="bbox 106 2182 1186 2480">
     <span class='ocr_line' id='line_1_17' title="bbox 106 2182 1186 2277; baseline 0.004 -26"><span class='ocrx_word' id='word_1_102' title='bbox 106 2183 254 2270; x_wconf 86' lang='lat' dir='ltr'><strong>Ligneaa</strong></span> <span class='ocrx_word' id='word_1_103' title='bbox 266 2185 404 2277; x_wconf 87' lang='lat' dir='ltr'><strong>pedicas</strong></span> <span class='ocrx_word' id='word_1_104' title='bbox 421 2184 601 2276; x_wconf 88' lang='lat' dir='ltr'><strong>adaptabat</strong></span> <span class='ocrx_word' id='word_1_105' title='bbox 615 2205 723 2273; x_wconf 85' lang='lat' dir='ltr'><strong>prope</strong></span> <span class='ocrx_word' id='word_1_106' title='bbox 732 2182 865 2250; x_wconf 78' lang='lat' dir='ltr'><strong>adstans</strong></span> <span class='ocrx_word' id='word_1_107' title='bbox 876 2183 1051 2272; x_wconf 83' lang='lat' dir='ltr'><strong>mulgendi</strong></span> <span class='ocrx_word' id='word_1_108' title='bbox 1064 2209 1186 2258; x_wconf 74' lang='lat' dir='ltr'><strong>causas</strong></span> 
     </span>
     <span class='ocr_line' id='line_1_18' title="bbox 107 2284 1090 2356; baseline 0.009 -10"><span class='ocrx_word' id='word_1_109' title='bbox 107 2284 205 2351; x_wconf 85' lang='lat' dir='ltr'><strong>Alius</strong></span> <span class='ocrx_word' id='word_1_110' title='bbox 224 2299 339 2354; x_wconf 88' lang='lat' dir='ltr'><strong>autem</strong></span> <span class='ocrx_word' id='word_1_111' title='bbox 354 2285 438 2352; x_wconf 88' lang='lat' dir='ltr'><strong>caris</strong></span> <span class='ocrx_word' id='word_1_112' title='bbox 454 2284 616 2352; x_wconf 83' lang='lat' dir='ltr'><strong>matribus</strong></span> <span class='ocrx_word' id='word_1_113' title='bbox 632 2309 728 2354; x_wconf 84' lang='lat' dir='ltr'><strong>caros</strong></span> <span class='ocrx_word' id='word_1_114' title='bbox 741 2285 854 2352; x_wconf 83' lang='lat' dir='ltr'><strong>foetus</strong></span> <span class='ocrx_word' id='word_1_115' title='bbox 869 2285 1090 2356; x_wconf 87' lang='lat' dir='ltr'><strong>submittebat</strong></span> 
     </span>
     <span class='ocr_line' id='line_1_19' title="bbox 106 2386 669 2480; baseline -0.004 -25"><span class='ocrx_word' id='word_1_116' title='bbox 106 2386 235 2476; x_wconf 81' lang='lat' dir='ltr'><strong>Tepidi</strong></span> <span class='ocrx_word' id='word_1_117' title='bbox 247 2390 343 2456; x_wconf 91' lang='lat' dir='ltr'><strong>lactis</strong></span> <span class='ocrx_word' id='word_1_118' title='bbox 358 2387 669 2480; x_wconf 70' lang='lat' dir='ltr'><strong>appetentissimum</strong></span> 
     </span>
    </p>
   </div>
   <div class='ocr_carea' id='block_1_3' title="bbox 114 2539 328 2566">
    <p class='ocr_par' dir='ltr' id='par_1_14' title="bbox 114 2539 328 2566">
     <span class='ocr_line' id='line_1_20' title="bbox 114 2539 328 2566; baseline 0.014 -6"><span class='ocrx_word' id='word_1_119' title='bbox 114 2539 328 2566; x_wconf 46' lang='lat' dir='ltr'><strong>m</strong></span> 
     </span>
    </p>
   </div>
   <div class='ocr_carea' id='block_1_4' title="bbox 118 2629 1267 4408">
    <p class='ocr_par' dir='ltr' id='par_1_15' title="bbox 169 2629 1267 4252">
     <span class='ocr_line' id='line_1_21' title="bbox 173 2629 1185 2722; baseline 0.009 -28"><span class='ocrx_word' id='word_1_120' title='bbox 173 2629 354 2716; x_wconf 85' lang='lat' dir='ltr'><strong>Operosum</strong></span> <span class='ocrx_word' id='word_1_121' title='bbox 384 2634 515 2722; x_wconf 84' lang='lat' dir='ltr'><strong>quidem</strong></span> <span class='ocrx_word' id='word_1_122' title='bbox 545 2633 581 2696; x_wconf 88' lang='lat' dir='ltr'><strong>id</strong></span> <span class='ocrx_word' id='word_1_123' title='bbox 609 2635 644 2695; x_wconf 86' lang='lat' dir='ltr'><strong>in</strong></span> <span class='ocrx_word' id='word_1_124' title='bbox 674 2645 764 2696; x_wconf 83' lang='lat' dir='ltr'><strong>tanta</strong></span> <span class='ocrx_word' id='word_1_125' title='bbox 792 2633 859 2696; x_wconf 77' lang='lat' dir='ltr'><strong>ruit</strong></span> <span class='ocrx_word' id='word_1_126' title='bbox 878 2633 1109 2714; x_wconf 65' lang='lat' dir='ltr'><strong>multitudines</strong></span> <span class='ocrx_word' id='word_1_127' title='bbox 1149 2659 1185 2702; x_wconf 82' lang='lat' dir='ltr'><strong>ac</strong></span> 
     </span>
     <span class='ocr_line' id='line_1_22' title="bbox 173 2717 1267 2808; baseline 0.007 -29"><span class='ocrx_word' id='word_1_128' title='bbox 173 2717 273 2779; x_wconf 85' lang='lat' dir='ltr'><strong>etiam</strong></span> <span class='ocrx_word' id='word_1_129' title='bbox 307 2719 432 2784; x_wconf 85' lang='lat' dir='ltr'><strong>infiniti</strong></span> <span class='ocrx_word' id='word_1_130' title='bbox 465 2721 613 2784; x_wconf 87' lang='lat' dir='ltr'><strong>homines</strong></span> <span class='ocrx_word' id='word_1_131' title='bbox 644 2717 689 2808; x_wconf 87' lang='lat' dir='ltr'><strong>(v.</strong></span> <span class='ocrx_word' id='word_1_132' title='bbox 719 2718 804 2804; x_wconf 84' lang='lat' dir='ltr'><strong>rou.)</strong></span> <span class='ocrx_word' id='word_1_133' title='bbox 835 2721 926 2803; x_wconf 86' lang='lat' dir='ltr'><strong>operi</strong></span> <span class='ocrx_word' id='word_1_134' title='bbox 958 2723 1183 2804; x_wconf 82' lang='lat' dir='ltr'><strong>praefuerunt.</strong></span> <span class='ocrx_word' id='word_1_135' title='bbox 1255 2721 1267 2730; x_wconf 75' lang='grc'><strong>”</strong></span> 
     </span>
     <span class='ocr_line' id='line_1_23' title="bbox 172 2799 1233 2890; baseline 0.005 -24"><span class='ocrx_word' id='word_1_136' title='bbox 172 2799 298 2886; x_wconf 82' lang='lat' dir='ltr'><strong>[Verba</strong></span> <span class='ocrx_word' id='word_1_137' title='bbox 318 2805 501 2890; x_wconf 72' lang='grc' dir='ltr'><strong><em>ἀπειρεσὶων</em></strong></span> <span class='ocrx_word' id='word_1_138' title='bbox 524 2831 583 2890; x_wconf 72' lang='grc' dir='ltr'><strong>περ</strong></span> <span class='ocrx_word' id='word_1_139' title='bbox 602 2802 711 2871; x_wconf 77' lang='grc' dir='ltr'><strong><em>ἐόντων</em></strong></span> <span class='ocrx_word' id='word_1_140' title='bbox 732 2803 1013 2888; x_wconf 78' lang='lat' dir='ltr'><strong>accipiendarum</strong></span> <span class='ocrx_word' id='word_1_141' title='bbox 1028 2804 1068 2870; x_wconf 83' lang='lat' dir='ltr'><strong>da</strong></span> <span class='ocrx_word' id='word_1_142' title='bbox 1084 2807 1183 2871; x_wconf 88' lang='lat' dir='ltr'><strong>innu·</strong></span> <span class='ocrx_word' id='word_1_143' title='bbox 1230 2871 1233 2876; x_wconf 85' lang='grc'>,</span> 
     </span>
     <span class='ocr_line' id='line_1_24' title="bbox 172 2889 1251 2975; baseline 0.006 -25"><span class='ocrx_word' id='word_1_144' title='bbox 172 2909 260 2950; x_wconf 86' lang='lat' dir='ltr'><strong>mera</strong></span> <span class='ocrx_word' id='word_1_145' title='bbox 276 2891 438 2973; x_wconf 87' lang='lat' dir='ltr'><strong>pecudum</strong></span> <span class='ocrx_word' id='word_1_146' title='bbox 457 2889 679 2954; x_wconf 84' lang='lat' dir='ltr'><strong>multitudine.</strong></span> <span class='ocrx_word' id='word_1_147' title='bbox 708 2892 762 2972; x_wconf 82' lang='lat' dir='ltr'><strong>K.]</strong></span> <span class='ocrx_word' id='word_1_148' title='bbox 794 2889 902 2975; x_wconf 86' lang='lat' dir='ltr'><strong>Quare</strong></span> <span class='ocrx_word' id='word_1_149' title='bbox 925 2905 1015 2952; x_wconf 86' lang='lat' dir='ltr'><strong>totus</strong></span> <span class='ocrx_word' id='word_1_150' title='bbox 1037 2890 1092 2954; x_wconf 89' lang='lat' dir='ltr'><strong>hic</strong></span> <span class='ocrx_word' id='word_1_151' title='bbox 1109 2915 1181 2958; x_wconf 83' lang='lat' dir='ltr'><strong>vcr-</strong></span> <span class='ocrx_word' id='word_1_152' title='bbox 1249 2893 1251 2900; x_wconf 75' lang='grc'>’</span> 
     </span>
     <span class='ocr_line' id='line_1_25' title="bbox 172 2973 1185 3060; baseline 0.009 -27"><span class='ocrx_word' id='word_1_153' title='bbox 172 2994 228 3034; x_wconf 84' lang='lat' dir='ltr'><strong>sus</strong></span> <span class='ocrx_word' id='word_1_154' title='bbox 248 2975 331 3040; x_wconf 89' lang='lat' dir='ltr'><strong>mihi</strong></span> <span class='ocrx_word' id='word_1_155' title='bbox 351 2999 436 3054; x_wconf 89' lang='lat' dir='ltr'><strong>non,</strong></span> <span class='ocrx_word' id='word_1_156' title='bbox 465 2976 669 3053; x_wconf 79' lang='lat' dir='ltr'><strong>vtllalsltio,</strong></span> <span class='ocrx_word' id='word_1_157' title='bbox 701 2992 798 3060; x_wconf 81' lang='lat' dir='ltr'><strong>quem</strong></span> <span class='ocrx_word' id='word_1_158' title='bbox 820 2973 912 3050; x_wconf 84' lang='lat' dir='ltr'><strong>vide,</strong></span> <span class='ocrx_word' id='word_1_159' title='bbox 945 2974 1098 3038; x_wconf 79' lang='lat' dir='ltr'><strong>obscurus</strong></span> <span class='ocrx_word' id='word_1_160' title='bbox 1120 2994 1185 3047; x_wconf 57' lang='lat' dir='ltr'><strong>ectr</strong></span> 
     </span>
     <span class='ocr_line' id='line_1_26' title="bbox 173 3057 1181 3144; baseline 0.002 -20"><span class='ocrx_word' id='word_1_161' title='bbox 173 3058 234 3124; x_wconf 75' lang='lat' dir='ltr'><strong>Vis</strong></span> <span class='ocrx_word' id='word_1_162' title='bbox 255 3059 332 3124; x_wconf 82' lang='lat' dir='ltr'><strong>item</strong></span> <span class='ocrx_word' id='word_1_163' title='bbox 354 3062 547 3126; x_wconf 78' lang='lat' dir='ltr'><strong>famulorum</strong></span> <span class='ocrx_word' id='word_1_164' title='bbox 567 3063 824 3144; x_wconf 85' lang='lat' dir='ltr'><strong>famularumque</strong></span> <span class='ocrx_word' id='word_1_165' title='bbox 846 3057 976 3120; x_wconf 85' lang='lat' dir='ltr'><strong>infinita</strong></span> <span class='ocrx_word' id='word_1_166' title='bbox 990 3062 1181 3126; x_wconf 84' lang='lat' dir='ltr'><strong>convivium</strong></span> 
     </span>
     <span class='ocr_line' id='line_1_27' title="bbox 172 3144 1227 3233; baseline 0.006 -27"><span class='ocrx_word' id='word_1_167' title='bbox 172 3165 290 3230; x_wconf 84' lang='lat' dir='ltr'><strong>resque</strong></span> <span class='ocrx_word' id='word_1_168' title='bbox 304 3147 498 3209; x_wconf 86' lang='lat' dir='ltr'><strong>necessarias</strong></span> <span class='ocrx_word' id='word_1_169' title='bbox 514 3145 648 3229; x_wconf 70' lang='lat' dir='ltr'><strong>expedit</strong></span> <span class='ocrx_word' id='word_1_170' title='bbox 662 3146 697 3206; x_wconf 89' lang='lat' dir='ltr'><strong>in</strong></span> <span class='ocrx_word' id='word_1_171' title='bbox 712 3151 784 3206; x_wconf 85' lang='lat' dir='ltr'><strong>aula</strong></span> <span class='ocrx_word' id='word_1_172' title='bbox 801 3144 946 3206; x_wconf 84' lang='lat' dir='ltr'><strong>Didonis</strong></span> <span class='ocrx_word' id='word_1_173' title='bbox 958 3144 1045 3226; x_wconf 83' lang='lat' dir='ltr'><strong>apud</strong></span> <span class='ocrx_word' id='word_1_174' title='bbox 1061 3147 1180 3233; x_wconf 80' lang='lat' dir='ltr'><strong>virgil.</strong></span> <span class='ocrx_word' id='word_1_175' title='bbox 1213 3193 1227 3212; x_wconf 81' lang='grc'><strong><em>.</em></strong></span> 
     </span>
     <span class='ocr_line' id='line_1_28' title="bbox 173 3226 1184 3316; baseline 0.007 -26"><span class='ocrx_word' id='word_1_176' title='bbox 173 3230 256 3292; x_wconf 82' lang='lat' dir='ltr'><strong>Aen.</strong></span> <span class='ocrx_word' id='word_1_177' title='bbox 270 3233 296 3292; x_wconf 89' lang='lat'><strong>1.</strong></span> <span class='ocrx_word' id='word_1_178' title='bbox 305 3251 364 3311; x_wconf 85' lang='lat'><strong>701</strong></span> <span class='ocrx_word' id='word_1_179' title='bbox 383 3253 452 3316; x_wconf 85' lang='lat' dir='ltr'><strong>sqq.</strong></span> <span class='ocrx_word' id='word_1_180' title='bbox 469 3229 861 3314; x_wconf 85' lang='lat' dir='ltr'><strong>Toupiiemendationem</strong></span> <span class='ocrx_word' id='word_1_181' title='bbox 876 3226 1071 3312; x_wconf 75' lang='grc' dir='ltr'><strong><em>παρασπάδος</em></strong></span> <span class='ocrx_word' id='word_1_182' title='bbox 1086 3230 1184 3316; x_wconf 76' lang='lat' dir='ltr'><strong>s’yydr,</strong></span> 
     </span>
     <span class='ocr_line' id='line_1_29' title="bbox 169 3314 1183 3398; baseline 0.007 -25"><span class='ocrx_word' id='word_1_183' title='bbox 169 3318 420 3396; x_wconf 77' lang='lat' dir='ltr'><strong>propss&#39;nmusm,</strong></span> <span class='ocrx_word' id='word_1_184' title='bbox 443 3315 674 3392; x_wconf 65' lang='lat' dir='ltr'><strong>Branchiure,</strong></span> <span class='ocrx_word' id='word_1_185' title='bbox 694 3316 824 3398; x_wconf 86' lang='lat' dir='ltr'><strong>opinor,</strong></span> <span class='ocrx_word' id='word_1_186' title='bbox 848 3314 1057 3396; x_wconf 86' lang='lat' dir='ltr'><strong>improbavit.</strong></span> <span class='ocrx_word' id='word_1_187' title='bbox 1080 3321 1183 3380; x_wconf 80' lang='lat' dir='ltr'><strong>Harl.</strong></span> 
     </span>
     <span class='ocr_line' id='line_1_30' title="bbox 174 3397 1180 3486; baseline 0.004 -26"><span class='ocrx_word' id='word_1_188' title='bbox 174 3401 307 3483; x_wconf 89' lang='lat' dir='ltr'><strong>Toupio</strong></span> <span class='ocrx_word' id='word_1_189' title='bbox 323 3402 506 3464; x_wconf 80' lang='lat' dir='ltr'><strong>Brunclaius</strong></span> <span class='ocrx_word' id='word_1_190' title='bbox 520 3416 588 3463; x_wconf 88' lang='lat' dir='ltr'><strong>tum</strong></span> <span class='ocrx_word' id='word_1_191' title='bbox 607 3399 671 3462; x_wconf 91' lang='lat' dir='ltr'><strong>hoc</strong></span> <span class='ocrx_word' id='word_1_192' title='bbox 687 3399 844 3484; x_wconf 86' lang='lat' dir='ltr'><strong>opponit,</strong></span> <span class='ocrx_word' id='word_1_193' title='bbox 868 3397 1030 3483; x_wconf 73' lang='grc' dir='ltr'><strong>παραστάς</strong></span> <span class='ocrx_word' id='word_1_194' title='bbox 1042 3399 1180 3486; x_wconf 84' lang='lat' dir='ltr'><strong>(dequo</strong></span> 
     </span>
     <span class='ocr_line' id='line_1_31' title="bbox 173 3482 1182 3571; baseline 0.001 -23"><span class='ocrx_word' id='word_1_195' title='bbox 173 3505 248 3548; x_wconf 76' lang='lat' dir='ltr'><strong>voc.</strong></span> <span class='ocrx_word' id='word_1_196' title='bbox 269 3487 360 3551; x_wconf 80' lang='lat' dir='ltr'><strong>conf.</strong></span> <span class='ocrx_word' id='word_1_197' title='bbox 380 3486 538 3552; x_wconf 83' lang='lat' dir='ltr'><strong>Valcken.</strong></span> <span class='ocrx_word' id='word_1_198' title='bbox 563 3484 604 3546; x_wconf 87' lang='lat' dir='ltr'><strong>ad</strong></span> <span class='ocrx_word' id='word_1_199' title='bbox 624 3483 747 3548; x_wconf 85' lang='lat' dir='ltr'><strong>Phoen.</strong></span> <span class='ocrx_word' id='word_1_200' title='bbox 769 3507 800 3567; x_wconf 92' lang='lat' dir='ltr'><strong>p.</strong></span> <span class='ocrx_word' id='word_1_201' title='bbox 823 3482 911 3562; x_wconf 78' lang='lat'>154.)</span> <span class='ocrx_word' id='word_1_202' title='bbox 932 3483 991 3546; x_wconf 89' lang='lat' dir='ltr'><strong>bac</strong></span> <span class='ocrx_word' id='word_1_203' title='bbox 1015 3483 1182 3571; x_wconf 82' lang='lat' dir='ltr'><strong>significa·</strong></span> 
     </span>
     <span class='ocr_line' id='line_1_32' title="bbox 174 3568 1181 3655; baseline 0 -23"><span class='ocrx_word' id='word_1_204' title='bbox 174 3569 269 3632; x_wconf 84' lang='lat' dir='ltr'><strong>tione</strong></span> <span class='ocrx_word' id='word_1_205' title='bbox 288 3591 429 3655; x_wconf 84' lang='lat' dir='ltr'><strong>semper,</strong></span> <span class='ocrx_word' id='word_1_206' title='bbox 472 3583 629 3655; x_wconf 89' lang='lat' dir='ltr'><strong>quantum</strong></span> <span class='ocrx_word' id='word_1_207' title='bbox 650 3568 858 3646; x_wconf 83' lang='lat' dir='ltr'><strong>recordetur,</strong></span> <span class='ocrx_word' id='word_1_208' title='bbox 890 3572 925 3630; x_wconf 92' lang='lat' dir='ltr'><strong>in</strong></span> <span class='ocrx_word' id='word_1_209' title='bbox 948 3571 1065 3652; x_wconf 87' lang='lat' dir='ltr'><strong>plurali</strong></span> <span class='ocrx_word' id='word_1_210' title='bbox 1091 3593 1181 3632; x_wconf 85' lang='lat' dir='ltr'><strong>rsur-</strong></span> 
     </span>
     <span class='ocr_line' id='line_1_33' title="bbox 171 3654 1180 3824; baseline 0.003 -24"><span class='ocrx_word' id='word_1_211' title='bbox 171 3671 819 3824; x_wconf 51' lang='lat' dir='ltr'><strong>tttttdttlttdtilltgztatlj</strong></span> <span class='ocrx_word' id='word_1_212' title='bbox 834 3654 1180 3822; x_wconf 53' lang='grc' dir='ltr'><strong>ῗὲἒὲῗῖἶάπῖἔῶῗὲ</strong></span> 
     </span>
     <span class='ocr_line' id='line_1_34' title="bbox 172 3821 1177 3922; baseline -0.006 -31"><span class='ocrx_word' id='word_1_213' title='bbox 172 3822 231 3893; x_wconf 71' lang='lat' dir='ltr'><strong>adr</strong></span> <span class='ocrx_word' id='word_1_214' title='bbox 250 3825 377 3910; x_wconf 82' lang='lat' dir='ltr'><strong>aliquot</strong></span> <span class='ocrx_word' id='word_1_215' title='bbox 393 3824 485 3903; x_wconf 75' lang='lat' dir='ltr'><strong>cdd,</strong></span> <span class='ocrx_word' id='word_1_216' title='bbox 515 3825 594 3886; x_wconf 86' lang='lat' dir='ltr'><strong>item</strong></span> <span class='ocrx_word' id='word_1_217' title='bbox 615 3821 757 3922; x_wconf 70' lang='grc' dir='ltr'><strong>ἀμέλγειν</strong></span> <span class='ocrx_word' id='word_1_218' title='bbox 763 3875 775 3904; x_wconf 91' lang='lat'><strong>,</strong></span> <span class='ocrx_word' id='word_1_219' title='bbox 806 3839 839 3886; x_wconf 84' lang='lat' dir='ltr'><strong>ct</strong></span> <span class='ocrx_word' id='word_1_220' title='bbox 858 3822 1000 3909; x_wconf 71' lang='lat' dir='ltr'><strong>u&#39;pa&#39;pym</strong></span> <span class='ocrx_word' id='word_1_221' title='bbox 1021 3845 1105 3884; x_wconf 84' lang='lat' dir='ltr'><strong>rnus</strong></span> <span class='ocrx_word' id='word_1_222' title='bbox 1127 3821 1177 3885; x_wconf 87' lang='lat' dir='ltr'><strong>cd.</strong></span> 
     </span>
     <span class='ocr_line' id='line_1_35' title="bbox 174 3903 1180 3994; baseline -0.003 -22"><span class='ocrx_word' id='word_1_223' title='bbox 174 3923 210 3972; x_wconf 81' lang='lat' dir='ltr'><strong>et</strong></span> <span class='ocrx_word' id='word_1_224' title='bbox 228 3908 278 3972; x_wconf 85' lang='lat' dir='ltr'><strong>ed.</strong></span> <span class='ocrx_word' id='word_1_225' title='bbox 299 3911 386 3972; x_wconf 86' lang='lat' dir='ltr'><strong>lunt.</strong></span> <span class='ocrx_word' id='word_1_226' title='bbox 408 3909 554 3974; x_wconf 85' lang='lat' dir='ltr'><strong>Graafius</strong></span> <span class='ocrx_word' id='word_1_227' title='bbox 577 3913 644 3994; x_wconf 81' lang='lat' dir='ltr'><strong>lagr</strong></span> <span class='ocrx_word' id='word_1_228' title='bbox 665 3909 755 3970; x_wconf 89' lang='lat' dir='ltr'><strong>iubet</strong></span> <span class='ocrx_word' id='word_1_229' title='bbox 782 3903 934 3991; x_wconf 76' lang='grc' dir='ltr'><strong>α’μέλξων,</strong></span> <span class='ocrx_word' id='word_1_230' title='bbox 985 3908 1053 3968; x_wconf 87' lang='lat' dir='ltr'><strong>uod</strong></span> <span class='ocrx_word' id='word_1_231' title='bbox 1075 3927 1180 3988; x_wconf 80' lang='lat' dir='ltr'><strong>paena</strong></span> 
     </span>
     <span class='ocr_line' id='line_1_36' title="bbox 173 3933 1177 4071; baseline -0.006 -13"><span class='ocrx_word' id='word_1_232' title='bbox 173 3995 389 4058; x_wconf 82' lang='lat' dir='ltr'><strong>necessarium</strong></span> <span class='ocrx_word' id='word_1_233' title='bbox 416 4012 474 4058; x_wconf 85' lang='lat' dir='ltr'><strong>est.</strong></span> <span class='ocrx_word' id='word_1_234' title='bbox 510 3997 626 4056; x_wconf 79' lang='lat' dir='ltr'><strong>Kieasl.</strong></span> <span class='ocrx_word' id='word_1_235' title='bbox 659 3991 864 4071; x_wconf 78' lang='lat' dir='ltr'><strong>„Kalous&#39;dd&#39;</strong></span> <span class='ocrx_word' id='word_1_236' title='bbox 889 4015 947 4054; x_wconf 86' lang='lat' dir='ltr'><strong>cur</strong></span> <span class='ocrx_word' id='word_1_237' title='bbox 965 3933 1177 4054; x_wconf 80' lang='lat' dir='ltr'><strong>qSchneidero</strong></span> 
     </span>
     <span class='ocr_line' id='line_1_37' title="bbox 173 4073 1180 4166; baseline -0.015 -16"><span class='ocrx_word' id='word_1_238' title='bbox 173 4095 362 4166; x_wconf 77' lang='lat' dir='ltr'><strong>comptum</strong></span> <span class='ocrx_word' id='word_1_239' title='bbox 377 4096 411 4144; x_wconf 78' lang='lat' dir='ltr'><strong>et</strong></span> <span class='ocrx_word' id='word_1_240' title='bbox 425 4081 461 4143; x_wconf 77' lang='lat' dir='ltr'><strong>in</strong></span> <span class='ocrx_word' id='word_1_241' title='bbox 479 4077 560 4148; x_wconf 74' lang='lat' dir='ltr'><strong>salci</strong></span> <span class='ocrx_word' id='word_1_242' title='bbox 573 4073 670 4147; x_wconf 73' lang='grc' dir='ltr'><strong><em>πέδιλ’</em></strong></span> <span class='ocrx_word' id='word_1_243' title='bbox 681 4077 869 4148; x_wconf 86' lang='lat' dir='ltr'><strong>mutandum</strong></span> <span class='ocrx_word' id='word_1_244' title='bbox 882 4077 1050 4151; x_wconf 79' lang='lat' dir='ltr'><strong>videatur,</strong></span> <span class='ocrx_word' id='word_1_245' title='bbox 1081 4079 1180 4158; x_wconf 72' lang='lat' dir='ltr'><strong>plana</strong></span> 
     </span>
     <span class='ocr_line' id='line_1_38' title="bbox 174 4165 509 4252; baseline 0.006 -26"><span class='ocrx_word' id='word_1_246' title='bbox 174 4165 331 4252; x_wconf 80' lang='lat' dir='ltr'><strong>ignoro.“</strong></span> <span class='ocrx_word' id='word_1_247' title='bbox 376 4167 509 4246; x_wconf 71' lang='lat' dir='ltr'><strong>Sakors-</strong></span> 
     </span>
    </p>

    <p class='ocr_par' dir='ltr' id='par_1_16' title="bbox 118 4241 1180 4408">
     <span class='ocr_line' id='line_1_39' title="bbox 118 4241 1180 4408; baseline -0.01 -86"><span class='ocrx_word' id='word_1_248' title='bbox 118 4250 204 4322; x_wconf 64' lang='grc' dir='ltr'><strong>Δ104.</strong></span> <span class='ocrx_word' id='word_1_249' title='bbox 230 4249 300 4318; x_wconf 77' lang='lat'><strong>105.</strong></span> <span class='ocrx_word' id='word_1_250' title='bbox 323 4253 377 4318; x_wconf 77' lang='lat' dir='ltr'><strong>Ex</strong></span> <span class='ocrx_word' id='word_1_251' title='bbox 395 4249 467 4318; x_wconf 87' lang='lat' dir='ltr'><strong>cdd.</strong></span> <span class='ocrx_word' id='word_1_252' title='bbox 481 4251 587 4320; x_wconf 80' lang='lat' dir='ltr'><strong>Varie.</strong></span> <span class='ocrx_word' id='word_1_253' title='bbox 603 4247 747 4408; x_wconf 49' lang='lat' dir='ltr'><strong>med·</strong></span> <span class='ocrx_word' id='word_1_254' title='bbox 762 4248 824 4314; x_wconf 85' lang='lat' dir='ltr'><strong>hos</strong></span> <span class='ocrx_word' id='word_1_255' title='bbox 839 4267 950 4314; x_wconf 82' lang='lat' dir='ltr'><strong>versus</strong></span> <span class='ocrx_word' id='word_1_256' title='bbox 971 4246 1018 4308; x_wconf 81' lang='lat' dir='ltr'><strong>ita</strong></span> <span class='ocrx_word' id='word_1_257' title='bbox 1029 4241 1180 4311; x_wconf 77' lang='lat' dir='ltr'><strong>refinxit:</strong></span> 
     </span>
    </p>

    <p class='ocr_par' dir='ltr' id='par_1_17' title="bbox 540 4355 1105 4404">
     <span class='ocr_line' id='line_1_40' title="bbox 540 4355 1105 4404; baseline 0.002 -42"><span class='ocrx_word' id='word_1_258' title='bbox 540 4357 545 4362; x_wconf 94' lang='lat'>.</span> <span class='ocrx_word' id='word_1_259' title='bbox 747 4355 769 4404; x_wconf 56' lang='lat' dir='ltr'><strong>v</strong></span> <span class='ocrx_word' id='word_1_260' title='bbox 1103 4367 1105 4374; x_wconf 67' lang='grc'>,</span> 
     </span>
    </p>
   </div>
   <div class='ocr_carea' id='block_1_5' title="bbox 0 0 1480 5024">
    <p class='ocr_par' dir='ltr' id='par_1_18' title="bbox 0 0 1480 5024">
     <span class='ocr_line' id='line_1_41' title="bbox 0 0 1480 5024; baseline 0 0"><span class='ocrx_word' id='word_1_261' title='bbox 0 0 1480 5024; x_wconf 95' lang='lat' dir='ltr'><strong> </strong></span> 
     </span>
    </p>
   </div>
  </div>
 </body>
</html>
