2816 5022
235 476 335 542 1ac.
377 473 654 552 uoaanLu
681 483 970 568 numerosa:
1069 489 1132 582 98⁵

133 643 252 724 linctu,
282 669 345 731 qua
368 657 516 717 vox-esci
533 671 571 713 eo
585 652 651 714 loci
665 653 760 716 unica
776 657 896 738 syllaba
912 659 1057 737 effertur3
1088 665 1131 726 si·

131 731 266 817 quidem
283 733 416 818 indigna
432 751 479 796 eat
495 735 669 798 Theocrito
678 739 733 798 illa
751 742 979 828 perissologia:
1003 748 1131 810 Gaudet

134 819 292 878 Hercules
317 841 444 880 suorum
471 834 615 900 nepotum
638 825 818 903 nepotibus,
855 833 911 907 qui
936 835 1130 896 immortales

135 906 307 977 dicuutur,
338 927 410 963 cum
430 907 494 965 sibi
515 912 582 966 sint
602 921 733 987 nepotes.
776 910 865 994 Quid
880 914 965 976 enim
980 937 1065 999 opus
1078 919 1129 982 illi
1233 924 1239 935 '

137 1002 224 1061 erat,
252 1003 422 1073 postquam
442 991 744 1074 Herculianepotes
764 1001 969 1078 appellasset,
1001 1001 1129 1064 eosdem

139 1095 159 1136 e
183 1072 321 1155 vestigio
343 1089 475 1155 nepotes
505 1075 613 1136 denuo
634 1077 826 1140 nominare?
865 1083 1022 1165 Oportuit
1040 1088 1129 1150 viros

39 1203 43 1208 .
138 1157 254 1218 doctos
269 1159 423 1218 attentius
439 1159 707 1236 anirnadvertere,
738 1185 808 1225 cum
824 1167 1008 1231 Ptolemaeo
1023 1171 1129 1236 Theo·

139 1243 255 1304 critum
270 1243 382 1324 loqui,
414 1259 451 1303 ut
465 1245 579 1304 mirum
593 1267 659 1306 non
673 1247 733 1321 sit,
762 1251 789 1332 pi
806 1251 1002 1336 Aegyptium
1023 1279 1129 1342 regem

140 1327 290 1399 adulans,
320 1329 690 1412 sacramwAegyptiorum
707 1329 904 1412 doctrinam,
936 1341 1024 1422 quasi
1039 1341 1129 1404 aliud

137 1431 254 1494 agens,
281 1413 432 1486 inserere,
457 1428 489 1474 ct
504 1413 737 1499 quodammodo
752 1421 958 1501 comprobare
972 1425 1128 1488 videatur.

137 1497 269 1582 sigilla,
299 1497 349 1556 uti
363 1497 522 1574 diximus,
546 1499 782 1582 Aegyptiorum
797 1505 959 1584 Deorum,
992 1531 1130 1595 quaeex

138 1580 281 1643 conditis
310 1579 515 1642 cadaveribus
544 1583 693 1666 quotidie
719 1587 951 1667 extrahuntur,
991 1610 1024 1656 et
1048 1617 1130 1740 guae

138 1682 301 1749 praeterea
315 1665 350 1724 in
367 1667 508 1748 antiquis
523 1669 738 1729 monumentis
751 1687 872 1748 extant,
898 1677 1003 1739 omnia
1019 1679 1052 1740 vi
1078 1701 1131 1742 ere

60 1783 63 1788 ,
140 1765 190 1812 est
207 1771 277 1810 cum
298 1749 443 1811 cruribus
459 1749 658 1836 pedibusque
673 1757 855 1836 compactis.
877 1775 880 1782 ’
900 1761 1025 1826 Horum
1041 1785 1134 1846 prae.

142 1837 256 1919 cipue,
281 1856 375 1918 quem
390 1835 525 1896 eundem
547 1857 618 1896 cum
632 1835 785 1920 Apolline
805 1856 836 1900 et
850 1843 924 1904 Sole
938 1847 1128 1926 statuebant,

141 1943 181 1984 eo
201 1921 312 2001 positu
329 1920 473 1980 solebant
487 1918 655 2003 effingere;
689 1923 775 2008 quod
791 1926 963 2011 Pignorius
978 1953 1065 1993 meus
1079 1939 1128 1996 lu·

139 2009 281 2071 lulenter
301 2001 413 2064 docuit
433 2005 467 2062 in
488 2007 717 2087 Explicatione
737 2009 878 2072 Tabulae
898 2015 1036 2094 Isiacae,
1066 2042 1129 2104 qua

141 2093 178 2152 in
191 2089 314 2150 Tabula
328 2089 490 2150 bisHorus
508 2089 691 2152 indiscretis
705 2093 841 2175 pedibus
850 2095 971 2160 effictus
985 2115 1043 2164 est.
1065 2104 1131 2165 Ad·

142 2175 191 2238 dit
204 2174 376 2258 Pignorius
399 2173 516 2234 veteris
532 2195 671 2256 gemmae
687 2191 800 2260 typum
823 2201 863 2240 ex
880 2183 1007 2244 scriniis
1024 2189 1131 2250 claris·

142 2259 217 2322 simi
245 2259 307 2318 viri
325 2258 455 2318 Nicolai
480 2258 620 2330 Fabricii
651 2261 813 2324 Peirescii.
856 2266 945 2328 Huic
965 2267 1073 2333 affines
1096 2287 1129 2335 et

144 2345 226 2406 duos
241 2363 301 2428 ego
314 2363 491 2425 apponam
516 2347 649 2403 alterum
663 2365 703 2405 ex
719 2348 855 2430 antiquo
872 2357 1011 2416 amuleto
1028 2377 1128 2420 aeneo

140 2431 311 2501 deaurato,
345 2425 433 2511 quod
455 2429 577 2488 Romae
591 2425 672 2503 vidi,
690 2433 822 2491 alteruln
846 2455 885 2494 ex
909 2457 1028 2520 gemma
1044 2441 1131 2524 apud

77 2537 83 2544 ·
142 2513 277 2577 eundem
288 2512 492 2573 Peirescium.
515 2511 654 2598 (Desunt
668 2514 705 2572 hi
713 2513 802 2600 typi.)
823 2517 957 2596 Nescio,
975 2543 1014 2584 an
1024 2525 1059 2586 id
1074 2549 1130 2588 vo·

141 2599 240 2663 luerit
258 2599 455 2679 Horapollo,
488 2619 558 2656 cum
575 2595 614 2656 de
629 2598 862 2682 Aegyptiorum
880 2603 1128 2692 hieroglyphice

142 2683 313 2750 hibernum
336 2683 508 2743 solstitium
534 2681 681 2766 signante
703 2683 747 2743 ita
770 2686 931 2768 loquitur:
968 2691 1025 2759 erlo
1040 2694 1131 2774 uidae

142 2770 328 2851 συνηγμένη
339 2771 391 2833 aei
402 2763 565 2850 βεβηκότες
573 2817 584 2844 ‚
606 2763 719 2847 δρόμον
732 2768 818 2845 η’λίυυ
832 2770 887 2837 τόν
904 2779 1011 2853 ἕνταῐς
1023 2803 1131 2865 χειμε-

141 2858 242 2939 ριναῖς
255 2855 383 2936 τροπαῖς
398 2853 591 2935 σημαίνουσι.
611 2852 644 2912 Ν
647 2865 738 2930 etant
753 2854 786 2912 in
795 2857 876 2916 Mes.
889 2861 954 2944 legi
971 2863 1023 2928 δύο
1037 2863 1131 2933 πολύ·

141 2942 248 3013 nolae,
272 2957 367 3020 quam
380 2935 550 2998 lectionem
564 2936 649 2996 tueri
663 2935 788 2999 Pierius
806 2941 932 3005 nititur.
976 2947 1038 3010 Sed
1053 2953 1129 3013 scri.

142 3037 234 3106 ptum
247 3023 381 3082 fortasse
390 3021 455 3081 fuit
468 3015 630 3101 δύοὬρου
644 3018 746 3095 πόδες.
768 3039 800 3086 et
815 3039 883 3088 tota
898 3035 1128 3100 sententiahoc

142 3106 239 3170 modo
253 3103 430 3167 reddenda:
445 3109 522 3166 Duo
529 3109 615 3166 Hori
623 3107 717 3186 pedes
736 3111 836 3169 simul
848 3123 1006 3195 compacti
1009 3119 1131 3193 firmo-

144 3197 231 3273 eique
251 3183 337 3256 So'lia
357 3211 503 3262 cursum,
533 3212 607 3252 ozam
624 3196 659 3251 iu
677 3194 817 3253 solstitio
834 3197 966 3260 'hiberno
987 3217 1052 3278 eat,
1083 3213 1132 3267 ai*-

142 3278 319 3360 grifiano&
348 3289 387 3335 ut
400 3289 526 3358 praeter
542 3295 627 3350 eam,
658 3297 751 3361 quam
771 3299 812 3339 cx
827 3281 1008 3349 Heliodoro
1024 3289 1129 3376 inges-

143 3363 252 3437 simus,
277 3361 368 3422 aliam
381 3380 510 3444 quoque
520 3359 620 3443 magis
637 3381 780 3426 arcanam
793 3365 1061 3451 significationem
1074 3375 1128 3436 ha·

79 3507 84 3514 ,
143 3445 240 3508 beent
251 3445 337 3507 Hori
350 3443 447 3528 pedes
460 3443 665 3507 indiscreti.“

164 3554 329 3638 Quaenam
356 3551 649 3613 Dissertationibus
671 3551 823 3618 Alcandri
852 3559 923 3622 aliie
945 3581 1131 3650 argumenta

83 3641 166 3714 aiot,
198 3657 391 3720 cognoscere
419 3634 481 3696 tibi
507 3657 609 3722 neque
643 3638 760 3702 inutile
781 3663 886 3726 neque
917 3647 1130 3731 injucundum

85 3725 177 3786 facile
192 3721 308 3784 fuerit:
338 3720 480 3782 indicem
502 3721 614 3806 itaque
632 3723 789 3808 subjicio,
820 3729 926 3793 titulis
946 3755 1051 3795 earum
1077 3757 1133 3802 ex*

85 3810 220 3892 scriptis.

166 3891 392 3955 Commodiani
418 3899 529 3954 asteris
549 3897 715 3975 scriptoria
736 3917 842 3959 vastas
864 3901 995 3980 quidam
1011 3907 1135 3984 prolati

84 3993 113 4044 et
126 3983 277 4040 correcti:
300 3983 334 4037 in
348 3983 392 4038 iia
407 3984 587 4060 quaesitum
594 4025 606 4051 ,
628 3984 701 4060 quia
709 3979 740 4060 s
736 3987 817 4041 uerit
830 3987 919 4046 Deua
933 3990 1085 4052 invictus.

168 4067 272 4125 Sortes
294 4077 488 4125 extenuatae.
510 4065 646 4124 Anarta
667 4067 803 4146 vulgata
819 4068 912 4129 lectio
933 4075 968 4128 io
983 4071 1086 4136 Livio
1106 4093 1137 4142 et

85 4149 295 4234 Obsequente.
331 4151 462 4224 Iiejecta
489 4153 600 4230 Lipsii
630 4153 736 4229 opinio
758 4165 788 4212 et
811 4159 972 4216 correctio.
1016 4167 1136 4224 Sacro.

86 4257 151 4297 rum
169 4255 267 4297 voces.
308 4236 410 4296 Varro
429 4237 551 4318 pluries
571 4235 772 4308 medates,
803 4251 832 4298 et
855 4239 944 4320 apud
965 4243 1138 4310 Varromm
1214 4259 1219 4270 “
