2878 5016
522 1905 1098 1978 ARGVMENTVM

610 2101 866 2168 IDYLLII
909 2101 1010 2168 xlv.

362 2476 401 2542 ln
421 2453 497 2540 iroe'
516 2473 639 2560 Idyllio
662 2473 832 2540 inducitur
854 2475 1032 2540 Aeschines
1061 2476 1227 2576 quidam&
1244 2475 1301 2562 qui
1322 2499 1340 2540 a

272 2625 401 2708 puella,
431 2643 529 2706 quam
554 2621 696 2702 amabat,
725 2625 877 2701 relictus,
906 2644 1016 2686 causas
1038 2621 1168 2684 dissidii
1191 2621 1341 2707 Thyoni-

275 2766 338 2830 eho
362 2769 508 2851 exponit.
562 2769 697 2832 Paratur
724 2769 804 2832 haec
831 2729 973 2832 narratio
997 2765 1230 2855 aegritudinis,
1276 2787 1340 2852 qua

273 2912 332 2973 ille
361 2912 504 2992 laborat,
540 2914 781 3000 significatione
808 2947 852 2966 -
880 2935 914 3002 9.·
935 2934 1100 3000 quumque
1127 2913 1185 2974 ille
1214 2931 1339 2973 causam

273 3055 427 3119 tristitiae
449 3058 484 3119 in
506 3059 691 3120 nniversam
713 3058 907 3138 indicasset,
944 3057 1220 3142 compotationis,
1252 3054 1340 3120 vnde

273 3196 444 3260 dissidium
466 3223 537 3264 cunr
559 3209 667 3287 puella
692 3205 849 3289 originem
873 3216 1018 3288 ceperat,
1057 3200 1226 3264 historiam
1249 3221 1340 3262 enar·

272 3355 322 3402 rat
342 3375 387 3392 ·-
406 3339 458 3427 47.
481 3345 674 3410 Narratione
698 3349 808 3426 finita,
837 3345 1016 3409 Aeschines
1035 3346 1138 3409 emico
1163 3343 1338 3406 consilium

272 3486 393 3567 aperit,
428 3487 581 3554 tristitiae
602 3488 774 3555 leniendae
797 3513 909 3570 eausa,
944 3505 1032 3553 trans
1054 3509 1139 3552 mare
1160 3486 1337 3582 navigandi

270 3661 313 3680 -
334 3625 386 3693 56.
408 3633 496 3715 quod
519 3633 735 3720 Thyonichus
762 3635 920 3720 probans,
951 3634 1020 3714 illi,
1044 3648 1080 3697 vt
1101 3634 1137 3696 in
1159 3630 1335 3696 Ptolemaei

270 3774 376 3860 copiis
398 3776 597 3862 stipendium
619 3781 735 3860 faciat,
758 3777 951 3868 persuadere
973 3793 1119 3843 conatur.
1142 3811 1185 3830 -
1206 3777 1259 3866 59.
1281 3777 1335 3840 Se·

269 3921 381 4008 quitur
403 3929 530 4011 elegans
560 3927 645 4013 regis
667 3927 864 4011 praedicatio
892 3959 937 3978 ·-·
965 3923 1017 3990 65.
1040 3921 1128 3989 vnde
1157 3921 1334 3990 verisimile

267 4066 320 4141 stt,
365 4065 428 4130 hoc
459 4069 613 4152 Idylliunr
642 4083 697 4132 eut
719 4067 935 4133 Alexandriae
965 4090 1033 4133 esse
1055 4063 1243 4154 seriptum‚'
1276 4075 1333 4126 aut

266 4225 353 4276 eerte
376 4233 415 4278 eo
436 4195 579 4278 vconsilio
601 4236 667 4278 esse
690 4215 928 4301 compositum,
959 4230 997 4282 vt
1017 4213 1103 4301 regis
1127 4213 1233 4277 oeulis
1256 4209 1331 4273 sub-

734 4309 743 4338 O
