2938 5018
240 432 567 532 barocarrr
598 461 874 528 rurumou
907 463 1049 566 111111.
1136 448 1199 542 osb

130 644 223 713 Haec
242 661 324 704 eum
336 638 452 703 docuit
464 637 585 703 Castor
598 655 712 722 eques,
734 653 841 720 quum
855 632 1019 722 profugus
1030 637 1122 725 Argo
1134 663 1199 710 ve.

426 756 430 762 ·
717 737 830 818 nisset,
1128 744 1131 752 ’

131 849 215 938 Quo
229 859 383 934 tempore
396 853 509 910 totum
528 863 672 929 regnum
687 851 722 905 et
734 859 894 926 magnam
912 831 1047 908 vineam
1060 845 1202 934 Tydem

130 948 294 1029 Tenebat,
318 947 374 1012 cui
388 945 549 1014 Adrastus
565 945 672 1030 Argos
690 943 785 1029 equis
805 955 923 1032 aptum
939 961 1157 1017 concesserat·
1231 963 1242 984 ·

132 1051 267 1118 Castori
282 1061 398 1114 autem
413 1072 482 1114 non
496 1045 611 1114 similis
624 1045 661 1112 iu
671 1043 826 1112 semideis
837 1045 980 1112 bellator
1131 1127 1136 1136 Ι

133 1155 229 1228 Alius
246 1163 330 1235 erat,
350 1152 551 1240 priusquam
567 1147 700 1216 senium
715 1147 864 1214 aboleret
879 1145 1069 1224 iuventam,

194 1257 250 1325 sie
263 1255 443 1322 Herculem
459 1277 539 1320 cara
552 1262 663 1319 mater
681 1249 892 1316 edocendum
908 1253 1052 1322 curarit.
1154 1319 1156 1324 ,
1205 1257 1207 1262 ’

133 1363 261 1426 Lectus
276 1364 350 1424 erat
361 1381 467 1446 puero
483 1356 667 1424 instructus
682 1374 787 1442 prope
806 1365 953 1442 patrem,

134 1461 293 1528 Exuvias
307 1461 424 1544 leonis,
447 1479 614 1549 perquam
629 1455 693 1545 ipsi
706 1467 837 1544 gratae:

137 1565 253 1631 Coena
267 1585 383 1630 carnes
397 1561 534 1637 assatae',
559 1570 592 1624 et
602 1557 738 1647 grandia
751 1558 790 1624 iu
805 1558 953 1626 1111111110,
965 1561 1065 1652 panis
1130 1625 1134 1636 ,

134 1665 288 1748 Doricus,
310 1665 368 1754 qui
381 1664 476 1730 haud
491 1663 591 1729 dubie
608 1663 712 1729 etiam
726 1661 890 1728 fossorem
901 1663 1026 1732 satiare
1036 1681 1161 1756 posset.

138 1769 268 1835 Verum
285 1766 382 1834 finito
397 1767 451 1833 die
465 1766 628 1855 exiguum
642 1765 766 1854 absque
777 1765 857 1852 igne
869 1767 1025 1836 sumebat
1035 1772 1163 1842 cibum.
1180 1761 1181 1769 ¹

137 1871 253 1940 Vestes
266 1883 380 1939 autem
393 1893 464 1937 non
479 1882 551 1937 orte
565 1870 752 1937 elaboratas
763 1869 926 1938 induebat
939 1893 1044 1964 super
1055 1877 1204 1950 mediam
1255 1886 1256 1892 ’

719 1995 847 2040 auram.

309 2213 314 2226 ,
411 2145 550 2231 [Deficit
571 2143 645 2207 finis
672 2143 772 2218 buius
794 2143 932 2232 Idyma]

202 2409 244 2476 sii
259 2411 303 2468 Et
327 2413 403 2471 mol.
417 2431 443 2473 s.
453 2431 484 2471 v.
501 2410 680 2492 Segestris.)
702 2403 778 2470 vide
792 2403 927 2468 Cerdam
942 2405 984 2470 ad
992 2407 1107 2496 virgil.
1121 2412 1203 2482 Aen.

203 2490 277 2554 VII.
296 2434 346 2576 57.
365 2508 398 2554 et
412 2493 561 2578 Magium
574 2494 609 2553 iu
623 2492 764 2554 Miscell.
780 2493 839 2552 III.
856 2512 925 2590 cap.
939 2513 968 2576 7.
983 2500 1013 2572 0.
1030 2493 1060 2558 5.
1082 2500 1183 2580 Ε’ᾳνί.

162 2575 233 2642 155.
259 2577 328 2641 156.
350 2577 447 2638 Panis
467 2578 523 2639 ille
548 2577 679 2640 doricus
700 2576 768 2636 fuit
787 2573 917 2636 vilioris
928 2573 1069 2662 ‘generia
1093 2597 1128 2643 et
1142 2605 1203 2668 pro

185 2682 288 2742 pane
304 2683 407 2723 crasso
430 2683 491 2723 nec
512 2661 651 2724 delicato
674 2659 817 2766 ponitur.
861 2659 970 2724 Schol.
985 2662 1025 2724 ad
1046 2666 1203 2750 Apollon.

202 2745 312 2808 Rhod.
327 2747 354 2807 I.
374 2765 464 2830 1077.
485 2751 564 2830 φησὶ
586 2751 620 2812 δὲ
632 2769 704 2823 τους
724 2739 920 2828 α’καθᾶρτους
938 2751 992 2814 nul
1003 2747 1133 2830 adtritis·
1144 2755 1203 2842 ἆρ-
1247 2809 1251 2820 .

201 2855 287 2909 τους,
309 2829 393 2908 οὒςό
410 2827 571 2916 θεόκριτος
585 2827 747 2918 Δωρικούς
766 2855 871 2913 φησιν.
893 2830 976 2895 add.
992 2833 1202 2918 Wartouum,

205 2916 263 3000 qui
279 2931 443 3001 praeterea
459 2939 552 2978 veum
564 2917 768 3002 frequentem
789 2916 967 2980 locutionis
983 2921 1015 2984 ἓν
1030 2924 1144 2998 aorrbr,
1167 2931 1204 2987 in

204 3008 364 3074 canistro,
388 3003 461 3063 fuse
481 3001 640 3079 illustrat,
664 3017 698 3064 et
721 3000 760 3063 de
773 3000 913 3062 Hercule
935 3002 1032 3066 edace
1046 3022 1080 3068 et
1092 2987 1205 3074 bibare
1327 3007 1337 3012 “

205 3085 300 3148 docte
315 3085 454 3151 disserit.
476 3085 589 3174 (Cous.
602 3087 789 3149 Philostrat.
802 3085 893 3148 Iron.
905 3107 937 3169 p.
953 3095 1025 3175 819.
1040 3092 1086 3154 D.
1101 3094 1202 3157 Atha·

203 3173 278 3231 naci
297 3171 369 3232 libr.
384 3171 425 3231 X.
451 3193 482 3254 p.
497 3171 571 3234 411.
592 3170 758 3254 Aristoph.
779 3171 876 3253 Veap.
894 3169 945 3234 60.
965 3174 1049 3238 Rau.
1072 3175 1123 3242 62.
1141 3179 1205 3247 Ar,

204 3253 295 3340 1689.
310 3257 384 3316 Pac.
399 3255 471 3333 741.
486 3254 677 3337 Apollodor.
698 3255 740 3317 ll.
756 3255 786 3318 4.
801 3261 830 3330 0.
846 3251 892 3339 4.)
917 3257 1087 3340 Quendam
1101 3263 1204 3348 Phry·

206 3361 245 3424 ga
268 3340 492 3402 edacissimum
513 3353 649 3422 quotuor
662 3340 830 3421 fossorum
852 3339 942 3403 cibos
964 3344 1137 3411 comedisse
1157 3350 1205 3412 ait

39 3495 45 3506 Ι
206 3425 353 3507 Alciphr.
369 3425 428 3486 111.
443 3427 505 3508 Ep.
521 3426 572 3490 511.
589 3446 620 3508 Ρ.
640 3423 710 3500 557.
724 3423 770 3512 (Ρ.
788 3443 856 3488 120.
871 3425 920 3488 ed.
935 3427 1070 3515 Wagn.)
1104 3437 1203 3496 Harl.

165 3507 236 3594 137·
258 3507 424 3590 ἐπ’ἅματι,
442 3523 518 3590 poss
537 3513 629 3572 diem.
658 3508 697 3571 V.
712 3513 738 3571 1.
754 3511 899 3574 Gronov.
915 3510 956 3572 ad
969 3513 1111 3581 Luoirn.
1126 3521 1164 3580 T.
1175 3519 1205 3584 I.

206 3616 237 3678 Ρ.
252 3594 314 3658 5511
328 3615 374 3678 aq.
400 3594 474 3656 Alio
491 3617 587 3657 sensu
599 3592 646 3661 ἐπ’
658 3594 752 3677 ἤματι
764 3597 885 3700 legitur
901 3595 1033 3660 Homer.
1046 3601 1140 3664 Iliad.
1159 3603 1203 3681 X,

206 3679 257 3743 48.
277 3679 332 3740 vbi
349 3678 472 3740 scholia
488 3681 654 3762 explicant
665 3683 699 3746 ἐν
714 3681 771 3765 μιᾷ
788 3683 896 3766 ημέρᾳ·
918 3681 988 3742 add.
1003 3683 1098 3746 Iliad.
1113 3687 1205 3751 XIX.

207 3783 279 3850 229.
301 3751 437 3825 Hesiod.
462 3763 501 3825 Ο.
526 3779 559 3825 et
578 3763 623 3826 D.
643 3763 695 3829 45.
736 3765 892 3849 Denique
915 3764 1009 3828 Iliad.
1027 3767 1119 3833 xlx.
1135 3791 1205 3836 110·
1306 3769 1309 3776 ’

207 3849 254 3917 ἐπ’
269 3849 362 3933 ἤματι
375 3850 459 3932 rqidr,
479 3849 540 3908 hoo
554 3848 613 3908 dte.
655 3852 772 3910 Kiessl.

165 3952 237 4021 158.
267 3949 399 4032 donaro}
419 3954 552 4038 proprie
569 3951 609 4015 de
625 3954 768 4016 vestibus
783 3959 979 4037 splendidis,
1001 3965 1209 4046 elegantibur.

206 4063 238 4102 v.
251 4041 349 4103 Hom.
373 4043 410 4100 ll.
424 4039 514 4103 XIV.
535 4058 605 4124 179.
626 4053 659 4100 et
676 4041 827 4103 Warton.
850 4079 889 4092 -
912 4043 1032 4128 κνάμας
1049 4048 1208 4116 Wimm,

205 4124 349 4188 Brunclt.
375 4123 485 4184 Reislt.
507 4139 539 4185 et
569 4123 721 4185 Valcken.
755 4129 854 4212 vulgo
883 4128 1010 4212 κνήμας.
1045 4135 1143 4202 Harl.
1164 4171 1208 4190 .-

207 4210 321 4289 „Huio
334 4207 444 4275 versui
459 4206 630 4292 adscripsit
644 4207 713 4273 ZC.
727 4207 810 4274 hanc
823 4212 1093 4296 admonitionem,
1107 4221 1206 4294 etiam
