2918 5020
243 343 305 422 744
392 352 712 424 enorrrror
733 359 1051 424 mammon·
1082 347 1144 420 ..οἱ

246 519 455 542 -u-

308 631 402 713 poam
418 615 457 676 ab
471 643 485 682 ε
499 615 720 684 inomutanda
734 617 894 678 neDores
905 611 1036 700 quidem
1052 613 1281 676 abstinuerunt
1290 614 1322 694 :)

307 721 416 776 υμοιον
438 723 469 764 v.
490 721 538 766 πο.
559 701 707 786 στόματος
734 717 768 763 et
786 702 975 787 πεδὲρχομαι
996 721 1056 784 pro
1079 703 1267 784 μετέρχομαι
1284 721 1319 758 v.

310 781 381 860 25..
413 789 491 853 uita
512 809 573 870 pro
594 785 672 874 perci
694 811 725 848 v.
740 783 791 851 58.
813 787 897 850 Nam
919 785 956 860 ric
977 803 1036 870 pro
1060 789 1116 862 ἕως
1135 807 1167 846 v.
1183 802 1234 846 ao.
1249 805 1321 844 non

310 878 373 928 tam
389 869 527 934 Aeolum
551 889 618 949 ent,
652 894 746 958 qnam
761 871 995 946 Doriensium;
1025 869 1062 936 rai
1080 892 1140 953 pro
1157 867 1196 935 uri
1209 883 1242 930 et
1256 889 1320 950 pro

312 957 351 1018 σε’
369 957 524 1019 enclitico
548 980 580 1021 v.
596 962 646 1024 25.
671 959 770 1019 etiam
790 957 951 1019 Doricum
972 969 1039 1030 est3
1073 970 1106 1017 et
1121 976 1202 1017 voce
1223 959 1323 1036 ῥέθος

312 1059 372 1124 pro
386 1041 552 1120 optinorum
566 1065 597 1105 v.
619 1041 662 1106 26.
679 1056 817 1102 utuntur
833 1041 928 1104 etiam
942 1045 1004 1102 Tra
1029 1041 1091 1112 ici,
1114 1053 1149 1100 vt
1164 1037 1320 1121 Sophocl.

310 1125 423 1210 Autig.
439 1125 510 1213 529.
532 1127 683 1212 Euripid.
701 1127 868 1194 Hercfur.
885 1144 974 1206 1207.
997 1062 1202 1187 lionrectius
1218 1124 1322 1207 igitur

314 1207 381 1270 dici
402 1213 525 1294 poterit
545 1211 608 1274 hoc
625 1233 751 1273 carmen
767 1211 907 1274 dialecto
927 1211 1051 1272 aeolica
1066 1211 1223 1292 scriptum
1238 1229 1318 1284 esse,

313 1313 408 1377 quam
424 1298 549 1360 cantica
559 1297 674 1380 'lyrica
698 1299 732 1357 in
749 1297 922 1358 atticorum
942 1309 1110 1379 poetarum
1126 1294 1245 1356 fabulis
1261 1292 1319 1354 tlo-

311 1379 397 1456 rica3
440 1381 553 1444 eodem
584 1383 681 1444 etiam
703 1382 774 1444 iure
798 1403 924 1444 carmen
946 1379 995 1444 28.
1019 1382 1104 1442 inter
1124 1378 1319 1441 Theocritea

312 1463 486 1529 Aeolicum
507 1465 573 1528 dici
593 1470 713 1550 poscit:
744 1465 862 1552 inquo
881 1479 1009 1550 praeter
1031 1466 1150 1527 formae
1167 1463 1319 1538 aeolicae,

310 1564 350 1612 vt
364 1573 395 1611 v·
411 1553 440 1616 3.
456 1547 577 1638 tipaipnz
591 1553 741 1633 (fontane
757 1551 854 1614 etiam
871 1547 1045 1634 βάλλεσθαι
1064 1571 1124 1632 pro
1136 1547 1317 1632 βούλεσθαι,

313 1631 462 1711 imitere
484 1659 543 1720 pro
565 1635 688 1714 ὀπάζειν
707 1637 844 1700 Aeolum
867 1637 967 1722 magia
989 1656 1084 1721 quarn
1104 1632 1317 1696 Doriencimn

312 1723 445 1806 propria
462 1723 573 1806 tunt3)
589 1723 748 1806 reperitur
765 1721 862 1782 etiam
881 1744 948 1784 vox
961 1742 1046 1782 mere
1060 1720 1213 1795 Aeolica,
1236 1713 1320 1802 ppei-

312 1832 351 1882 κη
366 1828 426 1888 pro
438 1801 518 1890 ῥάκη
543 1829 574 1869 v.
596 1829 644 1870 rr.
666 1808 788 1870 Contra
805 1807 933 1870 litterae
949 1806 1102 1868 Aeolicae
1115 1828 1140 1868 c.
1155 1800 1318 1888 digammi,

314 1909 378 1974 que
402 1905 439 1952 vt
451 1905 563 1976 poetae
578 1891 733 1956 Aeolicoa
755 1911 883 1966 omnes,
911 1891 959 1954 cic
976 1891 1130 1954 Alcaeum
1145 1911 1236 1952 vsum
1251 1907 1319 1950 esse

314 1994 424 2038 omnes
448 1975 675 2050 consentiunt,
704 1997 747 2038 ne
766 1976 940 2062 vestigium
963 1974 1092 2061 quidem
1107 1977 1143 2036 in
1159 1996 1250 2038 carna.
1267 1993 1320 2071 29.

312 2059 483 2144 reperitur.
497 2097 540 2111 -
553 2059 731 2124 Audiamus
754 2081 852 2144 porro
873 2063 1103 2126 Tirierccltinm.
1135 2059 1243 2144 Quum
1257 2059 1320 2142 igr·

313 2155 367 2206 tut
383 2143 447 2208 hoc
462 2167 586 2208 carmen
602 2144 780 2209 Theocrito
797 2144 934 2208 adscribi
952 2160 1112 2229 nequeat,
1137 2143 1321 2207 adscriben-

314 2225 389 2298 dum
404 2245 452 2291 eit
471 2249 586 2314 poetae
600 2232 747 2311 Aeolica,
770 2245 803 2294 et
817 2231 954 2292 maxime
991 2228 1099 2292 uidem
1116 2225 1259 2296 mimium
1275 2225 1318 2302 ci,

315 2313 373 2397 qui
392 2315 588 2380 carminibus
611 2315 650 2376 de
672 2337 845 2400 puerorum
869 2254 1031 2377 amoribus
1049 2313 1198 2398 inprimit
1219 2315 1320 2374 incla-

312 2399 397 2475 ruit,
428 2401 567 2464 Alcaeo:
592 2401 685 2462 cuiue
701 2400 778 2462 item
797 2401 952 2486 ingenio,
977 2405 1070 2466 ouale
1093 2399 1129 2464 id
1152 2399 1318 2486 cognitum

312 2481 466 2564 habemur
487 2507 528 2546 ex
548 2500 694 2548 veterum
717 2485 904 2549 criticorum
927 2485 1062 2550 iudiciis
1079 2500 1112 2548 et
1126 2481 1319 2547 imitationi-

312 2569 374 2632 hue
388 2569 521 2632 Horatii
537 2572 647 2656 (conf,
662 2569 702 2631 de
726 2571 847 2636 Alcaeo
872 2571 976 2634 Cicer.
992 2575 1088 2634 Tunc.
1108 2571 1171 2632 ΠΙ.
1187 2567 1237 2632 55.
1251 2567 1320 2632 Ho-

314 2667 375 2720 rat.
393 2655 497 2719 Carm-
517 2657 543 2720 1.
562 2655 612 2722 ὄπ.
631 2675 678 2722 11.
693 2655 834 2740 Quintil.
848 2655 923 2720 libr.
933 2655 974 2723 Χ.
990 2680 1018 2720 c.
1035 2678 1064 2720 1.
1079 2661 1152 2718 coll.
1175 2655 1317 2734 Dionys.

315 2741 390 2803 Hal.
410 2740 482 2802 libr.
501 2741 680 2824 inscripto:
709 2744 770 2808 τῶν
785 2739 920 2826 ἀρχαίων
940 2743 1055 2822 κρίσις·
1073 2743 1111 2806 Τ.
1126 2741 1166 2806 V.
1188 2747 1219 2816 b·
1236 2745 1268 2810 8·
1286 2757 1317 2822 P·

313 2823 387 2892 421.
410 2823 459 2888 ed.
476 2823 588 2888 Reitlt.
603 2827 718 2888 Horat.
734 2823 796 2888 Od.
810 2825 932 2889 XVIII.
956 2827 1028 2888 libr.
1045 2823 1100 2912 L),
1118 2824 1181 2888 hoc
1195 2843 1318 2884 carmen

314 2910 445 3000 egregie
467 2911 636 2978 convenit.
679 2913 750 2979 Nec
772 2925 908 2976 metrum
930 2927 1107 2998 repugnat,
1138 2907 1226 2997 quod
1243 2927 1317 2970 con·

235 3081 239 3088 '
299 3094 380 3164 ¹atat
393 3101 434 3141 ex
450 3079 587 3146 dimetro
610 3081 828 3144 choriambico
844 3083 1035 3146 catalectico
1052 3057 1096 3134 -’-
1107 3105 1130 3138 o
1141 3107 1164 3136 ν
1178 3057 1217 3130 .'..
1230 3112 1252 3136 ν
1265 3113 1316 3152 -ι

315 3166 373 3252 qui
395 3186 487 3230 novo.
504 3165 689 3230 choriambo
716 3168 751 3228 iu
768 3167 933 3251 dactylum
947 3167 1120 3244 exsiliente
1137 3181 1271 3252 augetur
1286 3177 1319 3226 et

315 3333 417 3398 abaci
438 3335 572 3420 incipit,
603 3337 650 3399 ita
673 3337 824 3422 quidem:
851 3355 876 3398 n·
890 3354 927 3415 u,
956 3319 1068 3393 -’-υυ
1082 3373 1124 3388 --
1138 3310 1320 3394 υυ-ἷ-υυ

312 3454 357 3473 -
376 3443 398 3476 υ
418 3453 470 3480 -.
515 3423 597 3482 Rem
621 3421 763 3506 denique
792 3421 951 3486 conficere
976 3423 1108 3488 videtur
1130 3422 1195 3485 hoc
1221 3420 1318 3484 Scho·

312 3507 385 3572 lion
402 3503 437 3564 in
446 3505 592 3566 Platonis
606 3507 811 3588 Symposium
827 3531 859 3590 p.
872 3509 923 3572 51.
942 3509 997 3590 (ad
1013 3509 1126 3572 verba:
1148 3511 1230 3584 οἶνος
1245 3507 1319 3590 picen

312 3589 1319 3678 vrnar'tovxatpmlnattovludtaetfep.¹217.e.steph.p.ro7.

313 3672 742 3759 Wolf.)cit·ocxnlciltiiltcn,
766 3681 924 3744 inlinivit
937 3683 1021 3766 μέθῃ
1037 3675 1092 3758 triv
1109 3676 1263 3756 ἀλήθειαν
1271 3684 1319 3742 λε-

313 3757 440 3848 ytinov.
449 3759 697 3846 ἔστιδέᾇσματος
704 3757 852 3831 Ἀλκαίου
867 3757 1058 3850 ἆρχιίὊῖνος,
1073 3761 1177 3849 cipile
1185 3768 1255 3836 nai,
1269 3765 1320 3828 aci

313 3845 458 3926 α’λήθεια.
485 3851 539 3912 ani
569 3844 742 3931 Oadxperoc.
769 3854 852 3923 revit·
870 3854 907 3914 δέ
926 3875 1039 3932 ccccv,
1070 3877 1100 3919 at.
1115 3877 1142 3914 τ.
1159 3857 1188 3916 i..
1218 3849 1320 3922 Patet,

313 3931 412 3998 huius
435 3927 553 3994 acholii
569 3946 751 4008 auctorem,
783 3933 838 4019 qui
853 3949 960 4016 aperte
976 3933 1076 3997 huius
1091 3933 1195 4018 ipsius
1212 3931 1322 3995 carmi·

312 4017 365 4080 nic
388 4016 521 4078 initium
544 4017 705 4100 respexit,
735 4023 842 4080 locum
860 4019 1029 4083 Theocriti
1050 4019 1239 4082 memoriter
1252 4024 1319 4080 lau·

311 4099 419 4176 dacem
451 4099 528 4166 hino
545 4102 644 4165 attica
660 4101 763 4168 forma
779 4101 913 4186 ἀλήθεια
928 4119 976 4170 ett
993 4105 1123 4192 potita,
1154 4121 1188 4170 et
1203 4109 1322 4191 λέγεται
