2908 5016
245 447 309 542 598
413 437 734 516 'eromro‘r
754 433 1074 512 εεΛδΛΛιοΝ
1098 432 1139 510 ir.

657 619 696 692 Γ
701 624 734 693 O
744 623 826 693 Pl'
827 617 882 694 ll]

238 731 394 830 Ἐρπειι
411 721 532 825 αἴροι’
549 724 615 820 εἴη·
641 720 783 820 ἀεργοῖς
797 713 1012 818 αι’ἴο“ἑορτοῖ.

596 830 640 898 Π
643 831 679 900 Ρ
686 827 728 901 Α
734 828 774 902 Ξ
776 829 802 900 Ι
806 829 848 900 Ν
852 830 886 898 O
893 829 947 898 Η.

245 931 388 1026 Εὐιόσ,
416 929 496 1030 αἶρε
518 923 565 1004 εδ
580 929 694 1023 suipra,
721 929 780 1002 sui
796 933 830 1009 ἐς
844 930 958 1022 μέσον
975 921 1204 1024 aboriosum

242 1118 452 1144 m
484 1123 488 1135 ι

305 1219 349 1300 τῷ
359 1243 392 1296 μ.
412 1217 453 1280 ἶδ.
469 1225 567 1294 atque
588 1211 634 1274 sic
653 1212 815 1295 rescripsit
831 1213 1022 1280 Bruncbius.
1067 1209 1112 1272 At
1123 1208 1303 1272 Valckena'·

308 1304 375 1363 rius
397 1299 436 1362 de
457 1297 555 1358 huius
586 1297 792 1360 coniecturae
811 1297 948 1358 veritate
973 1295 1107 1358 dubitat.
1150 1295 1191 1356 In
1216 1295 1304 1356 notis

306 1403 410 1449 temen
425 1383 609 1443 Brunckius
624 1383 739 1466 partim
755 1404 772 1442 e
792 1381 968 1458 codicibus,
992 1381 1109 1464 partim
1124 1401 1141 1442 c
1158 1379 1304 1441 certiori·

305 1471 366 1534 bus
389 1467 583 1530 coniecturis
603 1467 806 1529 scribendum
830 1481 943 1549 putat,
968 1464 1035 1534 ὅσα
1054 1465 1092 1530 δι
1113 1469 1190 1541 ἴδοις
1202 1470 1305 1542 εἴποις

305 1581 357 1626 sss
373 1550 521 1622 ι’δοῖσα,εδ
532 1555 574 1652 co}
589 1551 632 1636 μή
648 1549 754 1620 ἰδόντι·
798 1573 858 1622 uae
881 1550 1010 1638 quidem
1032 1549 1215 1614 emendatio
1230 1551 1303 1616 rell·

329 1639 378 1701 uis
392 1638 586 1701 coniecturis
600 1573 808 1720 praeferentis
832 1636 912 1696 mihi
929 1635 1072 1698 videtur:
1095 1633 1221 1721 hocque
1236 1657 1304 1696 rno-

302 1665 349 1787 δο
365 1723 519 1806 scriptum
534 1743 660 1783 versum
673 1721 801 1804 praebet
813 1720 915 1784 editio
930 1720 1135 1783 Brunckiana
1152 1721 1303 1784 carminis

305 1823 470 1874 renovata.
512 1805 746 1870 Valckenarius
776 1820 938 1889 praeterea
962 1821 1116 1868 memorat
1147 1808 1305 1868 Wasren-

305 1897 408 1976 bergii
420 1891 653 1974 suspicionem:
676 1889 719 1956 eir
732 1896 805 1968 ἴδες,
825 1890 867 1970 οῖς
882 1895 983 1971 εἴπαις
997 1890 1035 1956 cir
1049 1883 1152 1958 ἰδοῖσιῖ
1164 1917 1195 1956 τι
1209 1891 1247 1975 ,τᾷ
1261 1887 1305 1972 μή

305 1984 416 2062 ἴδοῖσᾳ·
445 1976 541 2038 facile
558 1989 662 2038 tumen
682 1998 741 2038 nos
764 1975 828 2038 hoc
844 1997 938 2037 versu
963 1997 1068 2038 carere
1090 1997 1203 2060 posse,
1228 1989 1305 2060 post

304 2061 505 2128 Brunclsium
532 2059 666 2122 iudicat.
695 2063 792 2122 Harl.
843 2059 934 2137 „Hic
959 2081 1091 2148 quoque
1116 2082 1232 2124 vereor
1263 2079 1303 2122 nc

305 2148 449 2233 vulgaris
463 2145 617 2207 sermonis
633 2151 814 2230 exemplum
836 2144 1021 2223 habeamus,
1046 2141 1134 2232 quod
1148 2167 1189 2216 ex
1205 2167 1242 2210 es
1257 2149 1304 2206 le·

308 2235 434 2307 ctione,
465 2251 548 2315 quae
576 2229 662 2374 aXud
692 2233 885 2316 Gregorium
910 2229 984 2294 Cor.
1006 2227 1303 2316 (p.5sa.=149.)

306 2333 371 2396 est,
394 2317 440 2376 sic
458 2313 581 2378 scribon
607 2339 660 2376 um
676 2332 775 2400 puto:
799 2315 841 2380 oie
854 2319 932 2392 ἴδες,
956 2315 1000 2380 εἴν
1021 2309 1110 2392 sinric
1131 2339 1184 2382 ιιεο
1202 2320 1304 2383 ἰδοῖσα

305 2400 343 2471 ιδ
355 2403 397 2486 :qi
410 2399 452 2482 μή
469 2397 586 2466 ἴδὸνειε
609 2401 647 2460 δε
663 2403 715 2462 Iris
734 2424 815 2482 quas
828 2402 958 2474 vidisti,
977 2415 1106 2482 poteras
1127 2413 1162 2460 tu
1175 2401 1308 2482 aliquid

245 2547 249 2560 ,
304 2509 438 2562 narrare
451 2490 481 2546 εἰ
496 2489 553 2568 qui
566 2507 629 2545 non
641 2487 732 2548 vidit.
749 2549 751 2554 ,
763 2487 807 2548 Vt
821 2507 882 2548 nos
896 2483 1052 2548 dicimus:
1076 2505 1136 2546 von
1150 2485 1221 2546 dem
1235 2510 1303 2568 scas

305 2575 350 2635 du
360 2571 491 2654 geselwn
509 2573 585 2631 hart
591 2615 602 2642 ‚
624 2573 745 2632 huittest
761 2569 806 2631 διι
820 2567 904 2632 auch
917 2575 1014 2632 einem
1025 2569 1078 2630 der
1091 2567 1198 2632 nieles
1212 2593 1304 2654 gess-

303 2660 363 2722 δειι
374 2659 444 2729 hat,
467 2679 535 2716 was
546 2657 692 2718 mmm
703 2659 833 2718 konnen.
875 2655 983 2800 guum
998 2653 1171 2719 dicendum
1185 2655 1304 2720 fuisset

302 2745 419 2810 τούτων
432 2737 521 2818 cinric
535 2765 597 2814 κει,
621 2739 751 2803 ridetur
765 2745 880 2828 vulgus
917 2763 957 2802 oc
972 2739 1188 2803 conformasse
1203 2728 1243 2824 εδ
1259 2743 1302 2803 si-

303 2827 519 2890 militudinem
541 2827 672 2901 talium,
702 2823 743 2902 οῖς
767 2829 845 2898 ἴδον,
877 2825 919 2902 οἷς
941 2826 1068 2909 ἐμάνης.
1118 2823 1301 2908 Sophronis

303 2913 417 2974 mimos
441 2912 469 2973 si
493 2909 700 2988 haberemus,
735 2909 861 2994 saepius
884 2933 999 2994 ¹parum
1020 2909 1191 2994 profutura
1217 2925 1301 2972 esset

305 2996 544 3084 grammatics.“
571 2999 680 3056 Herm.
723 2994 821 3078 Apud
836 2995 1025 3080 Gregorium
1042 2997 1064 3056 l.
1081 3015 1109 3056 c.
1127 3015 1237 3056 versus
1253 2997 1300 3056 sic

247 3103 251 3112 ’
304 3080 471 3142 scribitur:
494 3078 538 3143 ais
559 3084 638 3160 ἴδες,
661 3079 703 3146 οἶν
720 3081 809 3156 εἶπας
829 3087 881 3147 καῖ
902 3083 1002 3147 ἰδοῖσα
1023 3077 1063 3146 w*
1082 3077 1126 3164 τῷ
1137 3077 1181 3163 μή
1195 3075 1302 3148 trivo·

303 3165 389 3226 vnde
402 3163 482 3226 haec
496 3165 618 3227 Koenii
642 3166 781 3227 mutatio
796 3179 888 3226 enata
903 3179 968 3226 est:
991 3163 1034 3231 δν
1047 3169 1118 3240 ἴδες,
1139 3164 1183 3229 δι
1196 3167 1300 3244 εἴπαις

300 3255 357 3316 sul
374 3251 476 3316 ἰδοῖσα
490 3245 527 3314 εδ
537 3252 580 3334 τῷ
589 3247 633 3334 μή
651 3247 758 3327 ἰδόντι,
783 3269 865 3332 quse
879 3249 985 3312 adhuc
1003 3249 1145 3312 omnium
1160 3251 1301 3314 maxime

302 3333 383 3396 mihi
405 3333 568 3417 probatur.
613 3337 759 3397 Alterum
777 3335 820 3400 οἶν
836 3335 980 3417 positum
1001 3355 1061 3419 pro
1075 3331 1203 3401 τούτων·
1224 3357 1299 3398 nam

301 3419 337 3479 in
359 3419 492 3503 antiquo
513 3439 657 3482 sermone
680 3420 699 3487 ό
720 3433 753 3481 et
774 3419 809 3496 ὃς
828 3423 1011 3506 funguntur
1032 3419 1215 3502 prorniscue
1228 3422 1300 3483 vice

246 3513 250 3521 '
302 3501 546 3564 demonstrativi
560 3504 811 3587 pronominiset
826 3505 966 3566 relativi.
1011 3505 1108 3588 Quod
1125 3505 1299 3568 autem'bis

302 3601 414 3648 auctor
429 3589 577 3672 genitivo
600 3587 644 3654 oie
656 3589 769 3664 vritur,
794 3589 857 3650 hoc
874 3591 1056 3674 non²magis
1074 3588 1240 3651 offendere
1252 3595 1300 3652 le·

262 3749 264 3754 ,
301 3686 421 3733 ctorem
434 3671 540 3750 debet,
584 3695 657 3734 usn:
673 3673 760 3758 quod
775 3675 894 3757 legitur
906 3673 1002 3756 Idyll.
1018 3675 1123 3736 xvss.
1136 3673 1186 3737 66.
1203 3675 1301 3756 ὄλβιε,

299 3757 395 3842 καῖρε,
416 3758 521 3842 ysicus.
600 3759 653 3820 eni
679 3779 719 3820 ue
736 3757 814 3819 hsec
830 3779 896 3819 non
917 3773 993 3820 sunt
1008 3759 1094 3820 dicta
1109 3760 1166 3818 vni
1184 3761 1299 3822 mulie-

300 3842 344 3902 ri:
368 3861 440 3903 uam
457 3843 646 3925 spectaculi,
656 3781 700 3904 δα
716 3865 781 3928 quo
795 3863 897 3905 sermo
913 3857 972 3919 est,
984 3843 1068 3904 nihil
1086 3842 1192 3905 adhuc
1207 3843 1300 3905 vide·

245 3947 250 3956 ·
299 3939 372 3986 rant
395 3941 522 3989 nostrae
542 3928 708 4005 mulieres,
733 3927 820 4013 quod
839 3928 968 3992 monuit
989 3931 1085 3990 etiam
1100 3928 1299 3989 Brunclrius.

246 4035 249 4042 ·
300 4009 485 4072 Continent¹
498 4013 601 4096 igitur
620 4014 811 4075 sententiam
835 4013 1066 4087 universalem,
1106 4013 1141 4072 in
1185 4037 1226 4073 ua
1249 4035 1299 4074 se·

300 4093 403 4156 cunda
425 4117 560 4180 persona
582 4117 642 4180 pro
664 4098 761 4158 tertia
782 4097 903 4159 incerta
917 4111 949 4159 ct
968 4118 1034 4161 non
1050 4035 1300 4180 (1οῆηῶοοί-

297 4195 368 4244 tur:
400 4201 463 4268 quo
487 4179 528 4244 de
550 4201 609 4244 vsu
632 4182 720 4246 conl.
738 4181 879 4248 Bruuclr.
902 4183 943 4248 ιδ
963 4182 1115 4269 Sophocl.
1131 4175 1249 4246 Tr'ach:
1266 4200 1297 4247 α.
