2816 5014
291 470 333 537 82
467 471 778 536 eronrlror
797 467 1111 533 EIAYAAION
1134 455 1173 545 μ’.

299 645 375 723 Καὶ
392 641 459 738 λέγ’
477 631 756 737 ἑανφθύσδοισα·
796 632 852 711 Tri
866 641 1046 732 Δι’λφιδος
1061 633 1171 710 ὀστέα
1188 627 1326 727 μάσσω.

345 747 458 839 ”Itys
485 749 561 816 ἕλκε
578 736 624 814 τῦ
640 743 750 837 τῆνον
765 735 853 834 ἑμόν
868 741 953 813 ποτὶ
970 741 1074 833 ’δῶμα
1090 731 1157 811 τόν
1175 739 1303 832 ἄνδρα.

302 853 382 928 Νῦν
399 844 442 943 δή
457 840 578 939 μούνα
593 849 695 916 ἐοῖσα
716 839 834 916 πόθεν
848 837 915 916 ταν
933 845 1050 938 ἔρωτα
1067 843 1253 938 δααρασῶς

300 953 367 1028 'Eu
383 950 479 1030 τίνος
497 944 694 1044 dulcium,-
719 945 772 1026 τίς
787 973 854 1038 μοι
874 939 983 1018 ααιιόν
1003 942 1115 1039 ἄγαγε
1131 946 1245 1017 τοῦτο
1254 971 1268 1034 ,·
1308 941 1352 1010 65

298 1049 413 1130 'Harl’
428 1049 452 1124 01
467 1051 519 1122 soi
530 1042 713 1141 ἀβούλοιο
728 1041 935 1144 ιιαναφόρος
952 1045 1070 1141 ἄμμιν
1085 1045 1199 1128 'Auci
1219 1041 1229 1065 ⁸

297 1155 432 1234 Ἀλσος
451 1157 485 1233 ἐς
499 1149 727 1248 Ἀρτέμιδος·
753 1151 803 1244 τᾷ
820 1144 865 1246 δή
881 1143 972 1223 τόκα
987 1144 1102 1222 πολλα
1118 1149 1187 1242 μὲν
1203 1149 1297 1222 ἄλλα

305 1254 423 1356 Θηριά
438 1247 663 1346 corruerimus
677 1246 919 1348 περισταδόν,
946 1258 984 1326 ἑν
1000 1252 1040 1325 δὲ
1056 1254 1192 1324 λέαινα.

357 1351 526 1456 &priuato
541 1381 610 1448 μευ
626 1349 693 1429 τόν
706 1351 813 1450 10ωὸ
830 1353 921 1428 ὅθεν
936 1361 1048 1442 ἵκετο,
1074 1349 1193 1426 πότνα
1202 1347 1356 1427 Seioua.

303 1459 385 1538 Καί
396 1456 432 1553 μ’
451 1458 476 1531 αἱ
494 1458 712 1554 Θευχαρίλα,
724 1458 875 1554 Θρᾷσσα
889 1450 1026 1552 sponoe
1040 1455 1064 1527 01
1077 1463 1287 1553 μακαρΐτις,
1316 1477 1357 1547 70

304 1561 529 1659 ’Λγχίθνρος
545 1559 705 1650 salossa,
730 1553 928 1642 αατεύξατο
946 1558 1007 1632 καὶ
1023 1553 1233 1634 traducunto

305 1739 514 1761 μ

368 1820 461 1880 clavo
489 1818 666 1901 Cupidinis.
709 1816 889 1880 Verborum
920 1816 1092 1880 collocatio
1112 1835 1179 1876 uon
1199 1811 1359 1875 dissimilis

369 1903 480 1966 catilli
502 1925 548 1964 vs.
562 1901 614 1967 54.
633 1917 666 1964 et
682 1898 733 1966 80.
777 1903 895 1963 Kicssl.

328 2021 379 2088 62.
403 2021 528 2104 iusum]
557 2026 765 2081 insusurrans
794 2019 1107 2104 (ἕπιψιθυρίζουσα)
1134 2017 1278 2102 explicat
1292 2017 1324 2078 h.
1342 2022 1359 2074 l·

370 2107 477 2170 Schol.
498 2121 531 2172 at
552 2105 637 2164 infra
658 2104 698 2164 ad
722 2103 816 2186 ldyll.
835 2103 909 2179 Vll,
928 2123 996 2172 127.
1017 2107 1066 2166 vti
1083 2103 1277 2165 Eustathius
1295 2099 1360 2163 red·

371 2191 420 2252 dit
434 2194 576 2270 inspuere
593 2185 796 2276 (ἐπιπτύιιν),
819 2185 907 2270 quod
920 2189 1104 2272 pertinebat
1119 2189 1159 2250 ad
1172 2189 1255 2250 ritus
1271 2207 1361 2248 vene·

373 2277 513 2338 ficorum.
542 2271 858 2356 (Conf.1dy11.xx,
881 2295 929 2337 ιι.
951 2275 1007 2356 K.)
1038 2273 1159 2336 Vltima
1173 2295 1283 2336 versus
1298 2293 1362 2331 ver·

371 2359 427 2420 ba:
452 2357 491 2424 soi
504 2361 601 2440 Δι’λα.
617 2354 681 2422 o'cr·
696 2353 826 2431 παῖσσω,
849 2372 997 2439 suspecta
1016 2374 1049 2421 et
1066 2381 1107 2420 cx
1121 2381 1214 2420 versu
1230 2376 1283 2420 21.
1299 2378 1362 2416 mu·

372 2457 429 2506 tua
444 2455 545 2503 sumta
570 2439 723 2503 videntur
738 2447 777 2504 cl.
796 2439 992 2504 Schneidero
1014 2443 1049 2504 in
1062 2443 1146 2508 Bibl.
1160 2442 1273 2527 philol.
1293 2443 1361 2502 Vol.

374 2531 400 2591 I.
423 2549 456 2611 p.
476 2523 545 2590 126.
575 2529 673 2587 Harl.
718 2525 910 2588 Eustathius
934 2525 974 2587 ad
996 2531 1171 2592 Homerum
1196 2526 1260 2590 od.
1284 2553 1313 2592 α.
1333 2521 1360 2606 Ρ·

377 2609 468 2695 1392,
491 2609 543 2674 42·
557 2637 601 2667 =
615 2628 666 2687 22,
684 2611 765 2697 9.τό
786 2607 873 2698 stupui
889 2617 1043 2759 6002312οι
1058 2608 1281 2697 Ἐπιφθύζειν,
1302 2607 1364 2676 α’νιῖ

373 2699 429 2763 soi
450 2693 606 2762 ἔπιπτύειν
629 2699 838 2778 μοηιιυτικαῖς.
883 2697 929 2756 Et
948 2719 964 2756 a
1015 2696 1077 2763 Od.
1094 2701 1123 2762 t.
1138 2718 1170 2780 p.
1191 2693 1291 2774 1482,
1316 2691 1361 2758 45·

373 2798 417 2840 =
433 2779 503 2878 149,
531 2779 579 2844 16.
622 2781 682 2839 Est
697 2782 799 2864 igitur
812 2779 917 2845 πτύειν
928 2780 1177 2862 pronuntiatum
1198 2780 1305 2842 literis
1318 2775 1364 2838 ad·

375 2865 520 2948 spirans,
547 2885 641 3004 ziam
663 2863 915 2944 adspirationem
930 2863 1024 2934 litera
1046 2862 1180 2922 sibilans
1201 2868 1289 2926 vltro
1306 2859 1366 2925 effi·

379 2951 435 3011 cit.
462 2981 499 2994 -
523 2946 563 3008 Sc
589 2943 709 3004 neiden.
723 2944 758 3004 iu
769 2945 852 3006 Lex.
889 2966 913 3005 r.
926 2945 1107 3026 suspicatur
1122 2944 1201 3007 olim
1217 2947 1366 3031 scriptum

377 3032 479 3092 fuisse
492 3024 695 3112 ἕπιψύττοισα
712 3049 728 3085 a
743 3023 849 3107 ψύττα
867 2968 934 3088 102.
954 3048 1014 3112 pro
1032 3026 1127 3096 aarum·
1151 3063 1193 3079 -··
1223 3033 1308 3092 Tum
1324 3051 1365 3091 re·

312 3175 319 3184 ,
363 3137 414 3176 *ce
439 3115 451 3173 i
476 3111 682 3173 certissimam
710 3109 897 3174 Ahlwardti
921 3113 1155 3186 correctionem
1177 3110 1288 3198 μάσσω
1312 3133 1365 3198 pro

376 3222 499 3264 πασσω.
542 3195 602 3255 'Est
616 3195 713 3271 enim,
736 3209 888 3256 monente
902 3195 980 3260 item
996 3196 1124 3260 Graefio
1138 3221 1171 3282 p.
1193 3218 1251 3276 ι2.,
1276 3201 1366 3261 huius

377 3281 443 3343 loci
464 3277 571 3340 cadem
599 3283 695 3361 plane
718 3279 906 3342 oeconomia
936 3305 973 3343 ac
994 3283 1169 3364 superioris
1190 3307 1220 3347 v.
1250 3283 1296 3349 18.
1319 3302 1364 3344 21.

378 3365 533 3447 Denique
550 3385 616 3425 nou
631 3363 727 3425 video
742 3384 839 3447 quare
852 3361 943 3432 ὀστέα
956 3365 1137 3428 hicReizio
1154 3370 1255 3450 (conf.
1274 3366 1366 3428 Eich-

380 3448 476 3512 stadt.
496 3463 617 3531 quaest.
629 3447 745 3530 philol.
763 3469 847 3532 spec.
861 3471 892 3534 p.
902 3449 1026 3536 60.aq.)
1044 3449 1255 3536 displicuerit,
1273 3471 1366 3540 quum

379 3549 450 3596 totu
468 3531 555 3593 actio
572 3533 616 3592 sit
631 3531 818 3613 symbolica.
861 3537 978 3596 Kieaal.

338 3652 391 3722 64.
413 3645 661 3735 μωίαΒτιιαείι.,
676 3647 774 3733 μούνα
788 3655 866 3733 (pro
881 3659 1012 3740 vulgata
1028 3650 1145 3736 μούνῃ)
1155 3651 1364 3718 melitValck.

380 3736 495 3818 (idque
514 3735 702 3816 recepimus.
723 3733 780 3817 K.)
806 3737 953 3798 Dimissa
969 3758 1046 3799 vcro
1063 3755 1111 3800 est
1133 3738 1316 3821 Thestylis,
1339 3749 1367 3798 et

379 3817 541 3970 {phestha
565 3838 672 3880 secum
686 3818 726 3880 de
741 3819 869 3905 origiue
891 3822 1007 3884 umoris
1025 3821 1172 3886 instituit
1184 3843 1366 3886 sermonem.

339 4004 389 4071 65.
413 4008 451 4065 In
468 4001 549 4067 Cdd.
568 4020 644 4067 aunt
659 4005 789 4090 ἄρξομαι
812 4010 874 4090 (itu
889 4011 986 4073 etiam
1001 4013 1036 4071 in
1054 4005 1165 4096 Aug.)·
1187 4007 1292 4091 ἄρξομ’
1306 4001 1369 4090 irai·

379 4089 529 4172 ἄρξωμαι·
558 4089 680 4174 ἅμξευμ’
692 4089 762 4173 s’yui·
807 4095 853 4156 Vt
865 4094 896 4154 h.
911 4098 933 4156 1.
949 4109 982 4156 et
996 4096 1071 4170 VII,
1090 4099 1142 4179 95.
1165 4095 1244 4156 item
1260 4094 1368 4176 Epigr.

379 4173 421 4251 V,
437 4172 467 4240 5·
489 4169 648 4258 ἆρξεῦμαι·
671 4175 717 4237 ita
731 4176 817 4261 apud
831 4178 1043 4241 Theocritum
1058 4180 1234 4262 κεισεῢμαι,
1254 4175 1365 4266 flacti-
