2878 5016
517 1422 1023 1550 sncvuannvn
1217 1471 1219 1478 ·

581 1649 835 1716 IDYLLII
878 1649 948 1716 XI·
1102 1585 1110 1601 ι

320 1907 499 1973 'Prasmiua
513 1906 714 1992 praefatione
733 1905 774 1968 sd
788 1906 930 1985 Niciam,
951 1907 1111 1972 medicum
1125 1909 1294 1973 Milesium

244 2027 313 2116 (eui
332 2027 500 2112 inscripsit
524 2024 679 2110 Idyllium
704 2025 796 2090 XIII.
821 2027 979 2112 cuiusque
1002 2028 1127 2103 laudem
1148 2028 1295 2092 intexuit

241 2147 364 2233 Idyllio
379 2145 533 2210 XXVIII.
553 2142 583 2209 6.
602 2166 650 2230 sq.
671 2159 704 2208 et
726 2144 889 2232 Epigram.
909 2147 981 2210 v11.
996 2145 1045 2232 5.)
1067 2147 1106 2210 de
1124 2149 1159 2210 vi
1181 2163 1294 2209 cantus

242 2285 275 2333 et
287 2269 471 2344 Musamm,
494 2257 612 2327 amoris
623 2263 763 2326 remedio
781 2261 1000 2328 efficacissimo
1017 2303 1060 2318 -
1074 2267 1103 2334 6.
1126 2267 1293 2352 Polyphe.

240 2411 327 2454 mum
338 2407 414 2472 prae
428 2381 545 2447 amoris
567 2381 758 2466 impotentia
777 2397 903 2445 tantum
919 2408 986 2448 non
1009 2387 1168 2449 furentem
1185 2420 1228 2435 —
1245 2381 1296 2450 18.

240 2505 368 2570 inducit
389 2505 424 2564 in
437 2524 518 2588 rupe
537 2501 717 2578 sedentem,
747 2499 832 2564 vnde
847 2518 1034 2589 prospectus
1051 2505 1084 2566 in
1104 2525 1190 2566 mare
1204 2517 1293 2588 pate.

239 2627 311 2705 hat,
334 2638 497 2706 cantuque
520 2635 645 2705 tempus
659 2621 832 2683 fallentem.
876 2622 941 2684 Hic
958 2646 1034 2687 vero
1049 2626 1212 2687 Galateam
1239 2644 1296 2684 ac-

238 2759 330 2810 cusat
343 2741 529 2827 superbiae,
553 2763 615 2828 qua
628 2737 884 2802 ardentissimum
900 2740 1004 2824 ipsius
1018 2741 1058 2805 de
1075 2765 1112 2806 ea
1127 2743 1210 2806 hene
1226 2763 1293 2806 me·

236 2861 331 2928 rendi
352 2859 495 2923 studium
516 2873 735 2922 remuneretur
752 2894 795 2909 —
811 2879 861 2948 29.
876 2861 1090 2951 fortunaeque
1104 2862 1190 2924 hona
1208 2883 1294 2924 eom.

236 2996 409 3058 memorat,
433 2979 549 3065 quihus
567 2999 652 3054 eam,
677 2977 705 3036 si
719 2977 842 3040 formae
858 2977 921 3040 sihi
940 2977 1046 3042 desint
1059 3003 1207 3058 munera,
1239 3003 1295 3043 cu·

236 3107 416 3166 mulaturus
434 3099 487 3159 ait.
503 3129 546 3145 ·-
558 3093 610 3182 49.
631 3093 791 3173 Tandem,
814 3096 1086 3162 vehementissimi
1101 3101 1217 3164 amoris
1233 3100 1294 3163 im·
1308 3117 1311 3122 ·

235 3221 386 3307 potentia
398 3218 488 3282 varia
501 3215 628 3280 ratione
647 3217 824 3294 declarata,
856 3231 975 3301 quanta
992 3217 1063 3304 ipse
1075 3219 1234 3284 dementia
1246 3223 1293 3281 la·

78 3361 81 3368 ’
234 3339 349 3417 horct,
382 3337 586 3424 intelligens,
624 3335 662 3398 ah
684 3335 799 3398 insano
825 3335 888 3398 isto
909 3358 1016 3400 amore
1036 3359 1070 3402 se
1089 3354 1231 3403 revocat.
1249 3375 1295 3392 -

234 3456 410 3545 Egregium
431 3471 479 3520 est
498 3476 631 3540 poema,
658 3455 694 3516 in
713 3474 777 3540 quo
797 3455 916 3525 amoris
933 3455 984 3520 vis
1001 3457 1036 3518 in
1051 3457 1125 3520 rudi
1141 3473 1174 3522 et
1187 3457 1295 3522 illibe-

233 3578 293 3641 rali
326 3573 481 3658 Cyclopis
508 3575 616 3639 animo
650 3574 772 3662 optime
801 3590 1067 3659 repraesentatur.
1119 3577 1294 3640 Nonnulla

233 3694 270 3758 in
286 3717 325 3762 eo
344 3692 442 3756 ducta
464 3692 619 3758 videntur
633 3715 675 3758 ex
693 3695 867 3760 Philoxeni
883 3695 1045 3780 Cyclope,
1077 3695 1197 3780 dequo
1214 3697 1296 3758 Plu·

232 3814 333 3878 tarch.
355 3813 500 3897 Sympos.
514 3814 543 3880 1.
552 3812 583 3878 5.
604 3819 641 3878 Τ.
656 3817 698 3878 11.
713 3811 826 3899 p.622.
841 3813 878 3876 G.
899 3821 952 3884 stol
964 3810 1016 3882 πᾶν
1025 3805 1182 3884 Κύκλωπα
1189 3809 1296 3883 Mov'·

231 3960 300 4011 onec
313 3925 459 4018 εὐφώνοις
473 3931 591 4000 ι’ὅσθαὶ
603 3959 680 4016 φησι
692 3931 745 4000 so's
752 3930 849 4017 ἔρωτα
862 3931 1034 4015 Φιλόξενος.
1057 3929 1101 3983 -3-
1121 3934 1295 3998 Theocriti

231 4051 460 4136 hocIdyIIium
475 4067 549 4114 ante
573 4057 685 4115 oculos
701 4051 816 4114 habuit
829 4053 915 4115 Bion
938 4053 1037 4119 initio
1060 4053 1210 4117 carminis
1220 4053 1295 4128 xv,

231 4174 323 4254 (vn,
351 4170 475 4260 Mans.)
497 4169 586 4256 quod
617 4171 803 4235 inscribitur
825 4171 1064 4259 Ἐπιθαλᾶμιος
1088 4172 1214 4262 Ἀχιλλ.Δ
1239 4173 1301 4240 sat
