2816 5014
232 483 544 548 THEOGRI'TI
576 483 857 546 lDYLLION
887 483 914 547 I.
1064 491 1104 554 55

35 653 98 740 Nee
111 652 183 720 tibi
202 652 354 741 invideo.
375 653 465 738 Age,
487 676 509 717 ο
526 657 630 718 bonet
654 675 791 722 carmen
804 652 897 720 enim

37 757 372 846 nequaquamOroo
388 755 550 822 oblivioso
565 757 767 824 reservabis.

380 902 381 906 =
451 855 687 928 THYRSIS.

71 963 224 1051 incipite
241 959 451 1042 bucolicum,
472 961 590 1026 Muaae
607 981 722 1038 carne,
742 957 879 1049 incipite
891 983 1039 1036 cumen.

37 1065 184 1154 Thyrsin
209 1065 265 1130 hic
281 1075 331 1128 est
345 1062 387 1131 ab
395 1063 529 1146 Aetna,
553 1061 781 1149 etThyreidie
791 1062 881 1131 liaeo
895 1085 974 1132 vox.

54 1255 104 1322 63.
131 1284 197 1332 πα,
230 1257 399 1334 doricum,
430 1255 552 1318 habent
574 1255 701 1340 aliquot
724 1254 821 1320 codd.
840 1271 874 1320 et
893 1258 942 1320 aic
960 1261 1105 1326 scribens

99 1343 183 1404 dum
197 1363 267 1406 erae
279 1357 373 1426 putat
381 1357 456 1426 port
465 1340 627 1404 Koenium
642 1339 683 1402 ad
692 1341 825 1426 Gregor.
833 1363 865 1426 p.
879 1341 946 1430 189.
960 1345 1102 1410 Brunclr.

97 1463 149 1480 -
165 1431 261 1494 ialal.
279 1448 296 1488 a
310 1427 409 1490 verbo
424 1427 536 1488 Siculo
552 1423 693 1505 tradem,
716 1439 820 1487 ortoa
836 1429 1009 1509 praeterito
1024 1447 1103 1494 tem·

98 1534 187 1598 pore
216 1517 343 1580 λέληθα.
373 1535 404 1574 v.
429 1513 535 1574 Koen.
562 1510 602 1572 ad
625 1511 760 1596 Gregor.
783 1533 816 1593 p.
839 1511 908 1598 189.
925 1535 973 1598 aq.
1001 1517 1101 1580 Harl.

101 1599 191 1662 Cum
214 1596 394 1660 editoribus
421 1595 655 1660 recentioribus
677 1595 874 1659 restituimus
890 1623 943 1662 πα
955 1620 1016 1682 pro
1032 1609 1103 1664 vul·

103 1697 183 1770 gato
207 1711 264 1749 πω.
294 1682 370 1744 Niai
386 1683 421 1744 in
436 1681 554 1746 talibus
569 1681 695 1744 voculis
710 1681 812 1742 forma
829 1678 938 1742 dorica
954 1701 1104 1748 constan·

71 1796 75 1802 ·
102 1785 156 1831 ter
171 1769 369 1852 praefertur,
393 1790 462 1830 non
480 1763 598 1842 video,
629 1765 710 1850 quid
730 1763 938 1850 proprietatis
960 1767 1101 1834 dialecto

6 1905 8 1914 ,
102 1854 238 1916 doricae
259 1853 470 1939 relinquatur.
489 1887 533 1900 -·-
574 1849 706 1916 Mosch.
723 1849 879 1934 Epitaph.
894 1851 992 1924 Bion,
1009 1873 1059 1920 21.

162 1949 250 2010 οὐκέτ’
271 1951 431 2022 ἐρημαίῃσιν
450 1947 503 2006 dud
518 1945 610 2022 δρυσὶν
626 1943 728 2020 ἥμενος
741 1945 809 2018 ᾅδει,

164 2021 236 2077 ἀλλά
256 2021 334 2092 παρὰ
345 2017 563 2090 Πλουτῆῗμέἱος
576 2019 698 2076 laeam
713 2015 807 2074 aialdu.

108 2109 210 2170 Hunc
224 2113 333 2170 locum
348 2106 459 2170 attulit
480 2105 662 2171 'Jacobsiun
705 2105 823 2172 Kiaaal.
950 2103 953 2109 ’

68 2193 121 2264 64,
149 2194 205 2255 De
226 2213 376 2255 veranum
405 2191 661 2268 intercalarium,
693 2212 776 2276 quoa
800 2217 844 2258 πα
876 2197 1106 2280 μβεβλημένους

110 2291 249 2354 vocant,
278 2274 452 2339 iteratione
475 2298 493 2340 e
514 2279 621 2362 regie,
651 2289 688 2338 vt
706 2279 807 2354 eolat,
860 2295 983 2363 reputat
1003 2283 1104 2345 Eich-

107 2362 245 2427 atadtiue
267 2363 308 2429 V.
330 2361 411 2426 Exn.
433 2361 469 2422 in
493 2298 727 2446 Quaestionum
746 2361 871 2446 philolo
897 2363 1015 2428 'earum
1032 2383 1103 2452 ape·

110 2447 230 2512 nimine
247 2469 317 2530 cup.
328 2445 386 2510 IV.
410 2446 508 2530 Quod
523 2463 630 2510 autem
645 2445 730 2509 idem
747 2470 813 2509 non
830 2387 960 2512 duiitat
974 2472 1103 2514 serven·

112 2533 170 2596 dae
194 2531 400 2616 aequalitatis
421 2553 513 2592 cauea
534 2553 662 2594 vernum
682 2527 732 2596 65.
758 2533 815 2616 qui
834 2533 1014 2597 cantilenae
1028 2539 1102 2601 aina·

109 2617 321 2704 pliciasimum
342 2614 475 2700 aliquod
497 2616 698 2700 prooemium
719 2635 756 2676 ac
776 2617 879 2678 veluti
899 2618 1103 2701 praeludium

110 2701 165 2785 (de
183 2723 250 2788 quo
271 2701 393 2786 optime
414 2699 573 2762 iudicavit
592 2701 680 2762 Dan.
698 2697 850 2760 Heinsiua
868 2702 977 2766 Leett.
994 2703 1102 2766 Theo·

112 2787 182 2852 erit
198 2810 232 2872 p·
248 2789 338 2868 ποι.)
363 2783 529 2863 continet,
553 2783 659 2848 versui
676 2783 726 2849 64.
745 2805 960 2868 praeponere,
984 2801 1021 2848 vt
1036 2809 1103 2848 ear·

108 2895 201 2949 meu,
246 2871 339 2934 euius
367 2871 525 2932 cantrices
552 2869 688 2952 Thyraia
711 2869 825 2931 Muaaa
846 2890 915 2931 esee
936 2869 1101 2934 bucolicen

108 2960 262 3032 innectat,
285 2955 354 3018 inci
380 2955 426 3016 iat
450 2979 482 3017 v.
496 2953 548 3024 66.
572 2977 603 3016 ιΔ
616 2953 740 3030 verbis,
763 2952 817 3037 πςῗ
832 2951 1025 3039 ποκ’ἅρ’ἦθ’
1038 2993 1103 3038 -,

112 3043 197 3104 ineo
208 2979 397 3112 liceatm'rii
412 3039 477 3102 viri
490 3037 806 3104 summiaententiam
815 3036 968 3102 deterere.
993 3040 1103 3126 Quum

114 3127 200 3190 eninr
219 3126 317 3189 etiam
339 3145 387 3188 va.
403 3123 453 3191 65.
478 3125 640 3210 pertineat
653 3123 693 3184 ad
708 3123 881 3206 Thyraidia
895 3121 1100 3202 cantilenam,

111 3227 365 3282 consentaneum
387 3223 454 3287 eat,
477 3225 514 3272 vt
535 3210 598 3271 iam
619 3222 693 3270 ante
714 3206 793 3270 haec
810 3207 904 3270 verba
919 3209 1037 3272 Musae
1053 3211 1108 3271 in:

108 3311 284 3380 vocentur.¹
308 3293 393 3356 Tum
415 3294 519 3356 omnia
541 3297 633 3357 locus
658 3291 698 3353 ad
712 3315 759 3357 va.
774 3291 824 3379 69.
846 3291 964 3376 proodi
989 3293 1102 3368 instar,

129 3402 191 3444 uae
206 3379 378 3458 liberiore,
403 3401 497 3464 quam
510 3380 652 3466 reliqua,
679 3381 753 3464 lege
775 3393 955 3450 teneretur,
984 3377 1103 3442 hebens

107 3403 169 3528 dua
191 3476 258 3529 eat-¹
295 3463 412 3525 Kieaal.

67 3551 116 3619 65.
141 3544 191 3617 dd
201 3549 224 3617 ai
236 3547 344 3634 porei]
367 3550 421 3611 Sic
441 3547 513 3612 cod.
527 3547 609 3633 Aug.
625 3545 697 3610 edd.
714 3547 861 3634 Callierg.
876 3544 989 3630 Steph.
1003 3547 1101 3611 Win-

106 3651 228 3698 terton.
243 3635 357 3696 Reialt.
367 3635 519 3696 Valcken.
534 3633 692 3696 Brunoltii
708 3647 741 3695 et
756 3632 848 3694 aliae.
871 3631 976 3716 Quam
988 3633 1102 3694 lectio·

107 3743 203 3799 nem,
226 3739 304 3804 prae
324 3718 442 3780 Aldina
463 3719 540 3784 ὁδιά
562 3716 652 3802 φωναὶ
671 3719 770 3802 (quae
794 3717 872 3778 item
888 3717 923 3775 i'n
940 3715 1020 3794 edit.
1034 3719 1103 3779 Lo·

106 3802 216 3891 van),
240 3819 298 3866 aut
318 3802 475 3865 Koehleri
497 3808 649 3886 (metrum
673 3804 854 3882 evertente)
876 3800 1103 3864 emendatione

106 3889 314 3954 commendat
336 3911 408 3948 cum
423 3889 595 3950 auctoritas
609 3887 759 3972 Gregorii
775 3885 925 3948 Corinth.
942 3884 983 3947 de
995 3885 1099 3960 Dial,

105 3977 164 4060 qui
178 3997 211 4059 p.
236 3993 303 4060 ¹9⁰·
321 3971 392 4054 (vbi
406 3970 481 4036 vide
496 3974 616 4053 Koen.)
636 3971 725 4032 hune
741 3991 867 4033 veroum
884 3969 930 4030 ite
947 3971 1102 4052 scriptum

105 4061 255 4144 reliquit,
277 4055 479 4141 Θύρσιοςᾶδε
494 4055 627 4141 riputati·
650 4071 719 4117 tum
734 4056 865 4138 antiqui
883 4054 980 4115 moria
996 4055 1031 4112 in
1047 4075 1102 4114 ex·

104 4145 207 4209 ordiia
233 4143 441 4228 simplicitas:
474 4143 601 4224 vepria
616 4145 781 4202 Aetnaeus
792 4142 847 4202 hie
860 4152 923 4214 eat,
949 4151 979 4198 et
999 4139 1102 4216 Thyr-

104 4231 194 4292 ac'doa
216 4230 299 4290 haee
318 4241 367 4289 eat
387 4227 559 4290 cantilena·
584 4249 619 4292 v,
636 4225 747 4310 Velelt·
765 4257 807 4274 ····
837 4225 892 4286 De
913 4220 1102 4306 Daphnidi·
