2938 5018
384 1039 717 1120 ΗΡΑΚΛΗΣ
770 1037 1258 1122 ’ΛΕΟΝΤΟΦΟΝΟΣ

505 1187 541 1238 rr
559 1183 690 1237 ma
714 1184 825 1238 rrrtA
849 1185 1128 1242 AnrrrerA

281 1287 1359 1412 AYPEJOYIIAHPOZ.

624 1471 945 1541 EIAYAAION
970 1475 1016 1541 κε’.

575 1563 855 1685 [Aetns'a'n‘
897 1596 1066 1690 cippi]
1130 1601 1133 1619 '
1192 1576 1199 1588 ι

294 1769 392 1884 Τόν
409 1803 439 1881 d
457 1803 479 1882 ti
493 1808 608 1906 γέρων
625 1811 833 1906 προσέειπε,
843 1809 1150 1908 φοτοῖοέπιόορος
1163 1809 1359 1911 οἷροτρεύς,

284 1905 531 2006 Παυσάμεοος
544 1913 666 2008 ἔργοιο
673 1965 687 1998 ,
714 1904 760 1982 τό
781 1917 818 1982 οἱ
834 1902 933 2004 perci
948 1914 1069 2010 χεροῖν
1088 1917 1216 1988 ἔκειτο·

277 2013 349 2090 'En
364 2041 448 2104 τοι,
474 2019 584 2102 ξεῖνε,
612 2007 787 2112 πρόφρων
811 2009 1056 2112 μυθήσομαι,
1084 2013 1159 2090 ὅοσ’
1176 2019 1358 2117 ἐρεείνεις,

288 2163 498 2185 ψ

304 2253 395 2317 Num
416 2251 654 2336 hocldylliunt
679 2274 698 2313 a
721 2250 919 2330 Theocrito,
957 2279 999 2318 su
1023 2256 1062 2319 ab
1084 2258 1259 2338 Pisandro,
1290 2261 1361 2320 Eu·

345 2345 458 2422 molpo
480 2337 626 2424 aequali,
658 2359 698 2398 an
720 2337 758 2398 ab
783 2339 848 2400 alio
865 2341 1048 2422 profectum
1064 2345 1126 2420 sit,
1159 2343 1360 2406 dissentiunt

346 2424 411 2488 viri
430 2422 540 2497 docti,
569 2421 636 2486 vid.
650 2423 802 2485 Warton.
820 2423 888 2512 (De
905 2425 1067 2488 Pisandris
1086 2427 1180 2490 docte
1194 2435 1358 2513 pleneque

295 2533 297 2538 ·
346 2507 626 2594 disputatHeyue
642 2508 677 2567 in
687 2509 837 2569 Excursu
851 2513 877 2572 Ι.
897 2509 938 2572 ad
956 2513 1013 2572 Vir
1036 2515 1071 2574 il.
1088 2515 1170 2575 Aen.
1187 2513 1230 2575 ΙΙ.
1247 2537 1278 2596 p.
1294 2513 1357 2580 281

347 2619 417 2682 sqq.
441 2591 492 2655 ed.
516 2611 580 2654 sec.
601 2591 683 2654 udde
706 2593 792 2654 infra
816 2591 855 2655 ad
878 2597 991 2682 Epigr.
1079 2603 1103 2679 .)
1127 2598 1356 2675 Valckenario,

349 2701 418 2743 ver.
430 2683 519 2740 lectt.
536 2698 618 2739 vers.
634 2679 946 2743 HomonLeoward.
965 2681 1053 2766 1747.
1074 2681 1129 2759 (ad
1143 2681 1358 2746 IliadXXII.

347 2760 440 2850 402.)
460 2761 614 2825 conditor
628 2762 726 2825 huius
744 2765 921 2846 poematis,
951 2765 1161 2830 aTheocrito
1179 2766 1360 2848 diversissi-

347 2869 438 2925 mur,
463 2845 600 2908 'videtur
624 2849 715 2908 illius
730 2869 875 2934 magnam
889 2865 1011 2934 partem
1033 2873 1075 2912 ex
1090 2853 1275 2930 Homericis
1292 2853 1360 2914 for·

347 2933 447 2998 mulis
472 2929 642 2994 conflasse:
677 2935 731 2992 cui
749 2933 949 3012 Brunckius,
973 2935 1030 3021 qui
1051 2937 1129 2998 huic
1154 2940 1292 3019 primum
1306 2940 1355 3000 lo·

349 3039 423 3082 cum
441 3015 528 3079 inter
544 3037 581 3078 ea
601 3016 738 3100 Idylli's,
770 3039 851 3116 quse
874 3025 974 3104 vulgo
999 3021 1222 3084 tribuerentur
1246 3021 1358 3083 Theo-

347 3103 452 3180 crito,
483 3099 687 3186 adsignavit,
718 3117 752 3163 et
776 3124 812 3163 tn
826 3125 944 3188 genere
970 3105 1116 3168 XXVIII
1133 3105 1230 3187 Idyll.
1249 3129 1359 3167 nume·

293 3178 297 3190 ’
344 3188 454 3266 ravit,
486 3185 650 3249 adsentire
664 3185 804 3250 videtur.
851 3187 939 3250 Idem
956 3191 991 3270 in
1006 3191 1157 3252 lection.
1176 3208 1237 3252 etc.
1258 3215 1288 3274 p.
1304 3189 1356 3254 84.

348 3271 438 3334 adh.
453 3277 476 3333 1.
492 3285 602 3350 notet,
634 3273 669 3332 in
685 3271 884 3375 Apoqrapho
900 3273 973 3336 Ald.
989 3275 1122 3336 titulum
1138 3275 1236 3336 huius
1245 3275 1358 3358 Idyllii

347 3377 434 3420 esse:
460 3365 518 3425 Oto
558 3360 623 3423 troo
635 3357 794 3440 Ἠρακλης
810 3357 888 3448 πρός
903 3361 1067 3442 ἀγροῖκον,
1089 3365 1228 3444 Δωρίδι,
1252 3366 1359 3444 διηγη-

347 3439 488 3528 ματικόν.
549 3462 572 3501 n
597 3441 668 3505 cod.
685 3443 791 3503 Vatic.
812 3464 902 3506 nono
925 3444 1016 3507 deest
1040 3444 1228 3528 inscriptio.
1261 3445 1357 3528 Quis·

349 3528 422 3613 quis
437 3526 540 3590 fuerit
556 3542 672 3590 auctor
685 3527 854 3604 carminis,
888 3529 916 3590 is
933 3551 1010 3590 sane
1031 3529 1119 3590 haud
1135 3528 1291 3614 ignobilis
1308 3543 1357 3590 est

293 3615 298 3632 ²
346 3623 408 3674 n'ec
439 3610 647 3695 spernendus.
692 3614 800 3698 Atque
829 3613 966 3674 Forsitan
983 3613 1192 3686 'Theocritus
1224 3615 1260 3674 in
1290 3615 1357 3675 alio

322 3709 324 3716 “
346 3693 499 3759 carminis
515 3717 631 3784 genere
648 3721 665 3758 a
680 3697 832 3759 bucolico
852 3696 995 3760 diversus
1019 3707 1087 3760 esse
1110 3713 1143 3760 et
1160 3699 1254 3758 sliam
1274 3701 1358 3760 viam

293 3793 301 3806 '
346 3783 432 3845 inire
447 3783 569 3866 potuit.
615 3783 719 3867 Quam
737 3782 843 3842 suavis
869 3783 1060 3866 simplicitas
1076 3798 1108 3845 et
1127 3782 1293 3844 vrbanitas
1311 3807 1359 3845 re·

326 3869 471 3952 ‘peritur
495 3868 530 3928 in
547 3889 684 3952 persona
703 3865 859 3950 pastoris!
892 3867 1049 3930 Videmus
1075 3882 1108 3929 et
1121 3865 1291 3929 laudamus
1304 3891 1359 3930 ve·

345 3951 544 4026 recundum,
582 3965 704 4016 comem
740 3965 773 4013 et
804 3953 990 4034 expositum
1027 3952 1205 4014 hominem.
1251 3953 1358 4038 Quam

345 4037 539 4118 simpliciter
566 4039 730 4120 aetatique
755 4035 904 4098 heroicae
935 4039 1169 4100 convenienter
1198 4039 1360 4100 Hercules

345 4119 574 4203 utplurimum
594 4123 719 4185 narret!
744 4119 935 4185 Dolendum
953 4120 1179 4186 tantummodo
1197 4137 1267 4200 est,
1292 4144 1359 4185 car·

344 4205 444 4265 minis
459 4203 592 4268 initium
607 4207 753 4290 periisse.
797 4209 897 4270 Harl.
