2874 5018
307 497 603 560 TIIEOCRITI
636 495 907 558 IDYLLION
943 497 992 560 v:
1120 495 1173 564 181

509 663 778 735 COMATAS.

95 773 187 838 Non
203 794 278 838 amu
295 767 477 858 Alcippen,
500 770 590 855 quud
608 792 662 835 me
677 791 784 856 nuper
807 769 874 833 nun
896 769 1045 837 osculata
1060 783 1111 838 est

96 875 256 941 Auribus
272 873 467 963 prehensis,
490 873 556 958 vbi
566 873 596 936 ei
608 871 810 961 palumbum
824 871 995 938 dederam.

537 975 733 1044 LACON.

96 1077 149 1146 At
174 1095 236 1161 ego
257 1077 444 1144 Eumedem
467 1078 613 1142 mullum
638 1099 732 1142 amos
756 1099 834 1142 nam
857 1075 917 1142 vbi
940 1079 972 1144 ei

98 1181 274 1246 Fistulam
294 1203 531 1268 porrexeram,
557 1179 737 1244 bellissime
760 1203 816 1246 me
834 1182 1006 1246 ‘osculatus
1028 1191 1087 1244 est.

504 1280 784 1354 (ΙΟΜΑΤΑΒ.Δ

97 1381 266 1466 Nun'fas,
288 1385 419 1468 Lacon,
441 1407 520 1450 cum
541 1381 682 1448 luscinia
698 1383 788 1473 picas
807 1386 1020 1468 contendere,

98 1488 222 1574 Neque
247 1510 375 1578 vpupas
397 1508 476 1553 cnm
499 1487 628 1574 cygnis:
657 1497 695 1548 tu
716 1509 816 1568 veru,
841 1511 861 1552 o
886 1487 1004 1572 miser,
1028 1499 1172 1554 eonten-

691 1587 795 1654 tiosus
819 1612 866 1659 eu.

521 1687 753 1759 MORSON.

102 1797 244 1862 Cessare
263 1793 365 1860 iubeo
386 1805 568 1883 pastorem.
611 1799 690 1864 Tibi
712 1813 810 1878 vero,
842 1795 995 1879 Comata,

101 1901 174 1964 Dat
186 1899 325 1964 Moruun
350 1918 501 1980 agnamz.
518 1907 640 1988 tu'que,
663 1899 722 1963 vbi
743 1897 983 1965 sacrificaveris

2 2043 3 2046 =
102 1999 291 2090 Nymphis,
311 2001 464 2066 Morsoni
477 2003 631 2091 pulcram
646 2023 784 2067 carnem
798 2001 889 2068 illico
905 2000 1040 2068 mittito.

495 2101 766 2171 COMATAS.

103 2202 260 2284 Mittam,
281 2202 329 2269 ila
342 2226 405 2293 per
418 2205 520 2272 Pana.
559 2205 694 2272 fremitu
708 2205 817 2272 omnis
830 2205 1005 2272 hircorum

1 2374 2 2378 ,
103 2309 136 2374 N
139 2329 208 2370 unc
221 2329 323 2392 grex:
354 2318 388 2372 et
404 2331 463 2395 ego
476 2309 556 2375 vide
566 2321 736 2396 ,quantum
751 2309 953 2375 cachinnum
967 2305 1086 2374 tollam

106 2411 236 2476 Contra
256 2411 425 2475 Laconem
449 2424 637 2499 pastorem,
660 2409 842 2498 quodiam

106 2512 241 2598 Agnam
255 2511 394 2579 abstuli:
429 2515 470 2579 ad
489 2517 621 2580 coelum
643 2513 736 2579 vobis
750 2513 918 2582 exultabo.

172 2755 206 2815 in
223 2753 412 2816 Schneideri
436 2756 543 2818 lexico
561 2756 714 2820 omissum
729 2772 794 2833 est,
818 2779 885 2818 non
898 2753 1062 2841 significat
1079 2751 1170 2812 odio-

173 2863 256 2914 sum,
275 2839 333 2902 sed
345 2847 584 2915 contentiosum,
603 2843 794 2925 litigiosum,
819 2843 876 2925 qui
893 2841 1015 2902 dicitur
1028 2837 1169 2900 Pindaro

175 2926 305 3008 Olymp.
322 2925 379 3001 VI,
395 2925 446 2990 52.
459 2923 639 3008 φιλόνεικος.
684 2929 798 2988 Kieeel.

131 3008 204 3094 139.
226 3016 278 3074 sul
296 3006 334 3076 td
350 3037 389 3096 γα
411 3018 535 3076 mavult
550 3013 704 3074 Valcken.
723 2927 817 3095 quod]
833 3032 899 3071 non
920 3009 1036 3093 probo.
1058 3014 1169 3092 vulga·

175 3110 240 3155 tam
255 3096 476 3178 interpretare,
501 3111 537 3158 tu
547 3120 627 3160 uero.
650 3131 692 3148 -
714 3095 836 3180 ἀμνάδα
849 3096 946 3180 pauci
958 3092 1029 3157 cdd.
1044 3092 1112 3158 vid.
1129 3091 1169 3152 ad

173 3203 220 3240 vs.
237 3177 266 3242 3.
289 3213 332 3228 -
354 3201 400 3241 vs.
420 3179 489 3244 140.
511 3182 619 3244 decem
638 3181 719 3246 Cdd.
741 3186 895 3259 Μοίσαις,
918 3203 959 3242 ex
979 3180 1169 3262 interpreta-

175 3279 293 3342 mento,
319 3264 447 3348 opinor.
477 3266 544 3329 vid.
567 3267 649 3344 adl,
668 3287 716 3332 rr.
760 3265 878 3328 Kieeel.

29 3379 33 3386 “
134 3367 205 3432 141.
227 3360 419 3451 φριμᾶσσεο,
443 3368 594 3449 fremitu,
625 3373 796 3442 lauciuitu,
828 3383 861 3429 et
888 3388 964 3450 prae
995 3362 1114 3451 gaudio
1138 3378 1169 3425 te

176 3451 267 3518 effer!
296 3476 327 3514 v.
341 3452 450 3514 Schol.
468 3469 501 3514 et
515 3455 638 3520 Buden.
653 3453 693 3516 ad
705 3457 859 3538 Longum
873 3475 905 3534 p.
925 3449 993 3514 126.
1008 3451 1105 3511 hebet
1128 3450 1170 3510 si·

179 3537 363 3622 gnificatum
379 3539 586 3621 superbiendi
600 3555 634 3600 et
652 3535 885 3602 insolescendi:
909 3535 1095 3682 metaphora
1113 3534 1169 3594 du·

108 3667 114 3676 .
179 3636 230 3682 cta
244 3623 283 3682 ab
298 3621 389 3707 equis
405 3623 651 3686 ferocientibus.
680 3623 748 3687 vid.
763 3622 992 3706 Wesseling.a
1029 3619 1169 3681 Diodor.

176 3707 240 3830 -ὃὲε,
255 3721 332 3836 tulin.
346 3707 502 3852 {3123518-
519 3729 568 3794 29.
586 3725 619 3856 pt
632 3711 738 3856 lilopp.
752 3706 793 3769 ad
808 3709 940 3855 Οξῖξοτ.
954 3702 1172 3851 9949012ξί-

50 3898 61 3930 0
176 3835 221 3958 {ui
236 3809 309 3938 iridi
321 3815 685 3942 l'alcklcevcedillslilirli
720 3817 759 3940 lh
771 3817 956 4024 pluribusne
981 3813 1172 3938 divelliani‘in

177 3959 524 4122 {ibelioelmdiifpffl
542 3965 607 4049 μέν.
651 3965 732 4026 Duo
755 3986 771 4024 c
796 3962 826 4024 d.
847 3965 1007 4050 καγχαξαῑ,
1030 3959 1095 4022 duo
1117 3959 1173 4020 alii

138 4071 287 4215 ¹44&
308 4147 405 4232 ἆμνόν
424 4153 495 4214 cdd.
521 4151 603 4240 Aug.
629 4152 827 4237 plurimique
848 4151 925 4228 alii,
949 4149 1019 4213 edd.
1039 4147 1173 4232 priscae,

105 4267 112 4280 .
179 4235 305 4310 Reish,
327 4237 483 4336 Brunelr,
506 4239 606 4300 Dahl.
619 4239 744 4302 Iecubs.
758 4235 811 4306 τόν
825 4235 850 4324 p'
866 4235 963 4322 α’μνόν
977 4234 1175 4296 Winterton.
