2874 5018
187 473 189 478 .
240 443 298 514 19²
418 415 1124 496 0E0·KPITOTE1AYAA10N;'.

239 599 317 678 Καὶ
342 593 467 696 φεύγει
483 598 676 693 φιλέοντα,
702 594 764 668 ιιαὶ
780 593 824 668 οὐ
843 599 1019 690 φιλέοντα
1040 589 1170 670 dodinae·

240 704 320 780 Καὶ
336 697 403 776 ndu
420 694 493 773 nino*
507 699 677 796 γραμμᾶς
692 705 787 772 κινεῖ
800 699 917 772 λίθοι·
937 695 963 796 ἤ
978 694 1048 794 γαρ
1066 701 1176 798 ἔρωτι

243 800 435 893 Πολλάκις,
462 799 491 874 ω’
507 795 727 894 Πολύφαμι,
755 795 804 873 na*
818 795 871 898 μή
888 797 980 898 ιιαλοὶ
998 796 1090 876 naid
1105 807 1303 898 πέφανται.

323 909 383 1003 Τῷ
423 901 453 978 δ’
485 906 545 979 ἔπι
580 903 773 997 Δαμοίτας
813 899 1033 997 ἀνεβάλλετο
1067 901 1178 980 ιιαλόν
1221 906 1307 982 αἰλ-

825 1011 895 1081 διι.
1257 1035 1308 1083 οο

245 1191 452 1218 ἒ

305 1298 457 1372 adiiciat,
481 1293 664 1356 adhibitum
689 1317 776 1360 esse:
809 1317 891 1381 quae
914 1295 964 1356 vie
987 1309 1021 1357 et
1041 1295 1080 1356 ab
1095 1296 1160 1360 hoe
1181 1301 1256 1362 loeo
1274 1315 1310 1364 et

305 1385 344 1448 eb
362 1383 456 1464 ldyll.
477 1384 536 1442 Ill.
555 1379 606 1446 56.
621 1394 653 1441 et
666 1382 740 1448 XV.
757 1403 808 1469 99.
826 1385 932 1445 aliena
948 1395 1007 1444 est.
1041 1379 1125 1444 Add.
1142 1383 1310 1446 Wunder·

305 1468 382 1533 lich.
401 1467 491 1528 obss.
512 1465 582 1526 crit.
599 1487 629 1546 p.
651 1465 716 1542 167.
742 1468 872 1552 Rimul]
895 1503 938 1514 -
961 1467 1065 1551 χαῖται
1086 1466 1140 1532 ἄπ’
1161 1465 1308 1548 αἰιολιθας

306 1553 421 1618 similis
443 1550 639 1636 periphrasis
655 1565 700 1612 eet
714 1551 781 1628 illi,
806 1575 902 1636 quum
922 1571 1018 1634 supra
1035 1552 1173 1636 legimus
1188 1557 1214 1631 Ι,
1237 1556 1308 1629 147.

305 1639 406 1722 [conf.
425 1640 527 1720 Ilgen.
545 1632 585 1695 ad
599 1635 707 1696 Scoliu
730 1636 868 1722 p.108.]
892 1653 924 1699 et
946 1639 1067 1720 χαῖται,
1092 1659 1214 1710 comae,
1239 1638 1308 1700 dcc.

307 1723 411 1799 flores,
436 1721 528 1796 folia,
552 1733 613 1782 etc.
634 1741 665 1780 v.
682 1720 724 1783 ed
748 1721 863 1786 Anacr.
879 1723 987 1785 XXII.
1003 1722 1035 1786 5.
1050 1723 1096 1782 in·
1107 1723 1241 1785 Anthol.
1258 1745 1305 1808 gr.

330 1822 393 1871 oet.
413 1843 457 1856 -
479 1809 631 1886 ιαποραλ,
653 1809 751 1867 nole
775 1805 816 1869 ob
836 1807 981 1869 ardorem
1002 1805 1134 1869 adustae
1150 1808 1194 1894 (v.
1208 1807 1248 1868 ad
1265 1811 1308 1870 ll.

303 1833 386 1976 d5.),
411 1891 486 1954 ideo
510 1888 679 1964 flaccidae,
701 1891 894 1976 languidae,
918 1913 999 1977 quae
1014 1913 1073 1976 per
1088 1913 1190 1954 aerem
1209 1893 1310 1954 facile

305 1981 464 2041 feruntur.
521 1973 684 2036 Mollitien
712 1976 814 2060 igitur
836 1978 1007 2053 Galateam,
1042 1976 1186 2060 indeque
1208 1977 1309 2039 fucile

306 2060 462 2127 oriundus
484 2064 592 2134 lusus,
616 2059 782 2136 lascivia,
807 2062 975 2144 fastusque
996 2077 1029 2123 et
1045 2063 1203 2123 aversatio
1221 2085 1310 2124 com·

304 2162 458 2232 petuntur
473 2159 544 2204 eum
557 2147 676 2222 pappie
694 2144 849 2206 ucunthae
868 2147 983 2232 (nobis
997 2142 1131 2230 Dietel,)
1155 2146 1212 2229 qui
1227 2147 1307 2208 solie

306 2231 418 2294 ardore
439 2235 670 2313 languescunt,
703 2229 801 2292 facile
823 2230 979 2294 decidunt
1002 2247 1035 2293 et
1054 2230 1244 2307 elabuntur,
1269 2231 1306 2292 vi

305 2316 397 2378 venti
418 2312 550 2398 agitati,
583 2311 741 2396 valdeque
762 2315 897 2376 mobiles
921 2332 1006 2378 sunt.
1052 2317 1149 2388 Confi.
1172 2316 1299 2392 Remu,

307 2399 364 2484 qui
385 2398 479 2458 aliam
500 2396 660 2482 ingressus
690 2415 739 2460 est
764 2399 846 2460 viem
868 2399 907 2460 ad
931 2405 1038 2463 locum
1061 2399 1304 2483 explicandum,

267 2491 271 2500 '
306 2501 339 2548 et
358 2483 533 2560 Graevium
556 2479 596 2542 ad
618 2483 757 2544 Hesiodi
779 2483 819 2546 O.
844 2497 877 2546 et
892 2487 937 2547 D.
961 2507 1004 2551 ve.
1018 2485 1091 2551 582.
1111 2507 1143 2570 p.
1158 2484 1209 2550 66.
1239 2484 1304 2548 Ed.

307 2570 390 2631 Cler.
408 2568 530 2651 [χαῖται
544 2575 680 2651 καπυραλ
694 2568 747 2634 a’n‘
760 2567 918 2648 α’κάιθας,
940 2593 1068 2654 pappus
1083 2569 1192 2632 aridus
1208 2593 1224 2632 e
1240 2593 1306 2632 car·

250 2677 257 2684 ·
307 2655 444 2716 duorum
455 2651 620 2735 ¹capitulis,
646 2655 767 2716 semine
782 2669 918 2732 mature,
933 2657 1104 2718 evolitans.
1131 2655 1305 2738 Semelen]

305 2737 779 2886 5.ulz'‘⁶’slll.‘.⁰ll
929 2739 1184 2887 ‘illlum
1197 2739 1309 2886 will

308 2909 431 2970 firmare
445 2845 574 2967 videtur
588 2905 635 2965 Id.
645 2908 719 2969 VII.
736 2907 787 2972 66.
801 2852 916 2992 966666
928 2909 999 2977 cdd.
1015 2913 1126 2998 φρυγῆ,
1148 2912 1207 2972 alii
1218 2847 1307 2995 ‹dpv-

306 2998 365 3076 yei,
387 2993 501 3075 φρύξει,
524 2993 633 3070 φαίνει.
657 2994 754 3052 Harl.
800 2995 1033 3078 [Comparatio,
1060 3019 1141 3080 quae
1158 2997 1304 3060 contine·

306 3093 360 3139 tur
377 3075 483 3137 verbis
505 3075 546 3147 οἷς
562 3071 614 3138 u’n'
635 3072 776 3152 cincindele
797 3114 840 3128 -
862 3078 987 3162 qqnitm
1010 3080 1180 3143 referenda
1204 3097 1251 3142 est
1265 3079 1307 3142 ad

305 3157 396 3223 hunc*
411 3179 536 3221 omnem
550 3162 667 3234 locum,
692 3175 755 3223 tem
780 3162 819 3223 ad
832 3163 1069 3246 praecedentia,
1095 3188 1189 3250 quam
1204 3163 1245 3228 ad
1258 3187 1307 3228 ee·

306 3245 449 3329 quentia.
494 3245 581 3302 Fons
598 3249 848 3328 comparationis
871 3264 917 3310 est
932 3254 1022 3312 locus
1045 3249 1161 3332 Odyss.
1181 3275 1207 3315 ε.
1229 3247 1305 3323 5ο7.

302 3328 466 3402 indiculus
487 3325 524 3386 ab
546 3327 702 3391 Iacobsio.
749 3331 840 3393 Adde
861 3333 953 3396 Voss.
983 3334 1024 3396 ud
1045 3335 1159 3420 virgil.
1184 3337 1303 3420 Georg.

305 3437 337 3498 p.
361 3411 424 3475 ι66.
443 3411 519 3472 item
534 3415 640 3473 locum
656 3415 810 3478 Nicandr.
828 3417 979 3501 Alexiph.
1002 3417 1068 3482 126.
1084 3442 1152 3504 sqq.
1168 3419 1305 3481 citatum
1359 3443 1362 3450 ’

305 3496 486 3559 alacobsio
502 3517 534 3579 p.
551 3497 624 3560 XV.
647 3535 689 3546 ·-
716 3504 770 3564 De
790 3502 960 3562 mulierum
981 3504 1114 3565 levitate
1139 3519 1171 3565 et
1191 3505 1305 3566 incon·

305 3582 424 3644 stantia
441 3585 556 3643 Terent.
567 3583 652 3645 Eun.
667 3585 723 3648 IV.
740 3611 767 3668 7.
783 3587 835 3653 45.
854 3587 977 3661 nolunt,
991 3589 1045 3651 vbi
1058 3589 1136 3650 velis
1143 3613 1156 3666 ,·
1179 3590 1234 3650 vbi
1246 3611 1305 3650 no-

305 3671 360 3739 lie,
384 3669 626 3746 cupiuntvltro.
659 3671 769 3736 Valck.
786 3671 826 3731 ad
842 3671 947 3734 Adon.
963 3695 995 3755 p·
1012 3673 1085 3738 501.
1100 3676 1137 3738 B.
1183 3675 1238 3736 De
1255 3674 1305 3734 in·

306 3749 450 3812 dieutivo
468 3749 593 3837 φρυίτιι
606 3753 673 3820 vid.
689 3757 862 3818 Hermann.
878 3755 919 3818 ad
933 3749 1086 3842 Vigenp.
1103 3767 1177 3844 928.
1206 3760 1262 3842 K.]

265 3894 315 3962 ιδ.
336 3893 461 3980 γραμμή
484 3896 516 3958 h.
531 3903 552 3958 l.
576 3912 625 3959 est
642 3897 746 3976 idem,
778 3900 866 3984 quod
889 3903 968 3963 alies
989 3900 1024 3968 ed
1048 3899 1192 3986 σκάμμα,
1214 3903 1305 3965 linea

306 3980 402 4043 ductu
422 3981 457 4040 in
472 3981 576 4044 stadio
600 4005 657 4044 seu
681 4005 792 4069 campo
813 3986 898 4046 ludis
943 3987 1082 4070 ymnicis
1099 4003 1303 4061 consecrato,

307 4065 347 4128 ud
363 4087 456 4150 quam
471 4087 572 4150 vique
587 4071 797 4150 procurritur.
830 4091 896 4154 quo
913 4007 951 4134 de
965 4073 1079 4136 vocab.
1098 4095 1128 4133 v.
1141 4071 1305 4154 Leopurd.

305 4150 442 4217 Emeud.
455 4155 482 4230 Ι,
502 4170 552 4216 2².
596 4157 635 4217 In
650 4153 707 4217 illu
724 4155 811 4218 linea
831 4157 1017 4241 ponebatur
1035 4177 1149 4222 saxum
1165 4178 1225 4241 pro
1241 4177 1307 4220 me·
