2872 5018
233 396 319 488 198·
403 401 715 466 o-corrrror
741 399 1058 464 υιΑνΛΛιοΝ
1083 389 1122 469 ς’.

230 570 294 650 Ἦ
305 567 373 670 ςόρ
391 567 488 669 πρόν
502 577 536 654 ἐς
550 564 688 645 πόντον
704 571 897 663 ἐπέβλεπον
912 565 967 666 (ἦς
981 569 1020 642 δὲ
1037 561 1205 661 recidua),
1247 560 1317 640 55'
1419 601 1420 606 ¹

237 677 315 751 Καὶ
328 669 420 749 καλό
436 677 504 768 μὲν
522 667 571 746 τό
583 676 721 766 Ιγένεια,
748 666 840 745 καλό
855 674 899 745 dd
911 699 979 764 μοι
996 669 1020 743 οἱ
1036 671 1107 764 μία
1123 665 1221 766 κόρα

237 777 330 866 (Ὡς
346 773 429 876 παρ’
446 775 526 872 ἐμίν
550 777 736 874 κέκριται)
761 775 1013 868 κατεφαίνετο·
1051 774 1125 848 τόν
1142 777 1184 847 δέ
1203 769 1234 846 τ’
1252 770 1301 848 ό-

817 871 955 950 δόντων
1156 869 1160 883 ’

239 984 473 1076 Αευκοτίραν
500 973 617 1073 αόγόν
636 973 779 1075 Παρίοις
804 977 982 1075 ὑπέφαινε
999 977 1134 1054 λίθοιο.

240 1085 311 1165 Ὡς
326 1077 379 1181 μή
394 1083 594 1176 dccxcviii
610 1083 662 1171 δὲ,
688 1081 767 1178 τρίς
784 1083 832 1162 εἰς
855 1075 945 1175 ἐμόν
962 1083 1101 1156 ἕπτυοα
1115 1076 1261 1156 κόλπου·

247 1189 373 1261 Ταῦτα
390 1179 460 1284 reip
483 1185 507 1258 ό
523 1184 634 1281 γραία
649 1211 697 1277 με
718 1184 953 1278 Κοτυτπαρίς
968 1185 1173 1274 diudicium,
1253 1185 1304 1256 40

242 1289 314 1378 [Ἀ
327 1283 423 1384 προῖν
440 1281 641 1382 όμόντισοι
656 1282 740 1383 παρ’
761 1282 1001 1360 Ἰπποκόωντι
1022 1281 1224 1376 προπόλου]

299 1385 404 1463 Τόσσ’
422 1385 530 1463 εἰπόν
554 1383 620 1462 τόν
637 1381 786 1484 Δόφνιν
808 1385 830 1462 ό
846 1389 1041 1480 Δαμοίτας
1057 1388 1242 1485 ἑφίλασον’“

217 1537 223 1552 -
243 1489 312 1564 Xoi
327 1491 396 1583 μὲν
420 1493 473 1586 τῷ
491 1485 638 1590 cdptyy’,
666 1485 687 1563 ό
708 1491 747 1564 δὲ
762 1492 815 1585 τῷ
831 1485 941 1564 καλόν
958 1485 1070 1566 edida
1087 1495 1228 1566 ἔδωκεν.

243 1593 363 1668 Adici
379 1592 591 1688 Δαμοίιας,
617 1586 766 1690 τόριυδυ
790 1593 829 1666 δὲ
847 1588 993 1688 Δόφνις
1008 1593 1029 1667 ό
1046 1588 1175 1687 βαίτας.

243 1691 437 1790 Ὡρχεόντ’
453 1703 491 1770 ἐν
506 1696 655 1789 μαλακᾷ
670 1697 733 1767 ταί
755 1688 902 1793 πόρτιες
919 1693 1050 1769 αὐτίκα
1064 1696 1163 1790 ποίᾳ.
1253 1695 1305 1767 45

244 1799 339 1894 Νίκη
356 1793 432 1891 μοίν
447 1795 522 1872 ov'd
543 1798 648 1878 ἄλλος
654 1852 669 1887 ,
696 1792 897 1872 οἷνόοσοποι
914 1795 944 1873 d'
960 1801 1137 1894 ἐγένοντο.

244 1967 451 1984 m

307 2075 396 2117 more
414 2056 552 2118 nitorem
568 2055 616 2117 rei
637 2067 750 2138 poetae
765 2055 953 2139 frequenter
969 2067 1212 2140 compararunt3
1236 2053 1307 2120 vid.

310 2137 350 2199 ad
365 2141 480 2206 Anacr.
499 2141 550 2217 28,
569 2159 619 2224 27.
643 2139 678 2199 in
692 2137 828 2202 Anthol.
845 2161 890 2224 gr.
907 2155 997 2223 poet.
1020 2143 1119 2202 Harl.
1161 2137 1307 2215 [Pindar.

310 2221 405 2287 Nem.
425 2226 482 2288 IV.
507 2225 577 2289 151.
602 2221 715 2292 στόλον
736 2226 832 2306 θέμεν
859 2229 984 2307 Παρίου
1006 2229 1098 2292 λίθου
1121 2225 1309 2308 λευκότερον.

310 2307 426 2370 Horat.
436 2311 461 2370 I.
480 2329 527 2392 19.
542 2309 573 2372 5.
591 2313 656 2371 vrit
671 2331 717 2369 me
733 2310 883 2390 Glycerae
896 2315 981 2370 nitor
992 2309 1189 2392 Splendentia
1202 2313 1309 2370 Pario

315 2411 470 2452 marmore
477 2399 604 2473 pariae.
625 2427 670 2442 -
691 2393 819 2455 Gracfio
834 2416 866 2477 p.
883 2395 933 2459 25.
949 2394 1123 2478 displicent
1137 2393 1234 2455 verba
1249 2420 1309 2460 κω-

310 2481 469 2558 τεφαίνιτο
491 2492 523 2539 et
543 2479 694 2562 όπίφαινι
718 2491 783 2537 tam
805 2478 895 2539 brevi
919 2501 933 2538 s
957 2479 1024 2540 atio
1037 2501 1065 2540 a
1088 2500 1122 2540 se
1145 2477 1310 2540 disiuncta

312 2562 408 2623 etiam
421 2576 601 2645 propterea,
627 2561 716 2647 quod
732 2560 845 2623 durum
860 2563 903 2622 eit
915 2501 956 2624 ad
968 2562 1056 2625 verb.
1069 2561 1219 2646 ὑπέφαινε
1232 2586 1309 2648 cup·

311 2651 401 2728 plere
416 2669 434 2709 e
450 2669 482 2711 v.
491 2646 541 2714 55.
559 2669 629 2711 voc.
643 2643 764 2725 πόντος,
787 2647 886 2707 nimis
899 2661 1066 2710 remotum.
1110 2649 1199 2710 Hinc
1214 2653 1310 2732 plura

185 2805 192 2830 ι
312 2745 428 2810 tentat,
452 2746 502 2795 vt:
526 2726 605 2818 utiyri
618 2734 780 2820 λευκότερα
793 2735 922 2815 Πιερίας
935 2731 1094 2818 riuti-aput
1109 2737 1222 2802 iidem·
1251 2737 1310 2810 K]

271 2845 322 2934 59.
344 2846 396 2913 4ο.
416 2855 451 2916 δὲ
467 2850 609 2934 potitum
629 2865 705 2934 post
718 2847 849 2910 tertium
870 2849 1004 2912 verbum
1019 2852 1207 2917 notandum.
1251 2852 1310 2914 Sic

313 2947 345 2994 et
360 2934 440 2995 alibi
456 2933 543 3018 apud
558 2950 679 3017 poetas.
712 2931 789 2996 vide
804 2937 967 3015 Popponie
982 2935 1063 3001 obss.
1079 2937 1150 2998 crit.
1167 2937 1203 2996 in
1219 2933 1311 2997 Thu·

311 3016 389 3100 ycyd
403 3040 435 3103 p.
445 3015 496 3082 50.
530 3016 619 3100 Quid
633 3015 720 3102 quod
731 3033 806 3099 post
820 3034 970 3100 quartum
986 3021 1097 3083 vocab.
1113 3021 1224 3102 posuit
1243 3022 1311 3080 An·

267 3153 270 3160 ,
314 3102 441 3184 tiphan.
459 3122 509 3184 ap.
529 3101 651 3164 Athen.
665 3119 699 3185 p.
713 3099 785 3250 443.
803 3103 840 3164 C.
853 3118 886 3164 et
904 3125 936 3188 p.
953 3103 1024 3168 224.
1039 3107 1075 3167 F.
1097 3105 1139 3165 cf.
1157 3103 1308 3166 Erfurdt.

316 3185 382 3246 obs.
398 3188 468 3248 crit.
495 3185 530 3244 in
551 3184 670 3246 Athen.
686 3209 719 3269 p.
735 3197 760 3248 2'
778 3186 852 3248 .in:
883 3190 1116 3271 Kiinigcberger
1136 3189 1263 3250 Archiv
1278 3209 1311 3271 p.

311 3267 385 3333 456.
408 3271 524 3330 Kiecel.
567 3269 652 3332 Vide
675 3269 714 3332 ad
735 3269 842 3336 11.i5.
864 3285 897 3332 et
920 3271 971 3336 62.
995 3273 1258 3357 iufraVII.127.
1279 3286 1312 3334 et

313 3351 353 3414 de
368 3353 483 3414 fascini
499 3355 766 3417 averruncatione
780 3355 911 3416 Heinsii
926 3379 953 3418 c·
974 3379 1020 3420 ιι.
1036 3373 1068 3419 et
1084 3357 1221 3420 Caeaub.
1236 3379 1261 3418 c.
1279 3354 1309 3420 8.

309 3439 465 3502 lectionn.
480 3437 647 3502 Theocrit.
671 3439 766 3504 Harl.
808 3441 990 3522 [Desputat
1011 3443 1047 3502 in
1063 3443 1184 3518 sinum,
1209 3455 1246 3502 vt
1261 3441 1312 3502 sic

312 3541 346 3583 te
362 3521 542 3606 deprimens
557 3521 728 3607 impediat,
775 3545 818 3586 uo
838 3523 945 3585 minus
960 3531 1128 3608 voluptas,
1153 3545 1250 3608 quam
1267 3547 1312 3588 ex

312 3607 378 3667 oric
401 3607 623 3689 pulcritudine
647 3545 864 3669 animadversa
882 3627 1075 3692 perceperat,
1100 3609 1164 3670 cibi
1178 3625 1311 3675 noceat.

313 3693 400 3752 conf.
417 3691 508 3756 Voss.
525 3691 565 3752 ad
580 3693 670 3780 Virg.
685 3693 756 3754 Ecl.
773 3715 804 3775 p.
821 3689 893 3759 562.
920 3709 953 3756 et
979 3717 1061 3778 quos
1082 3695 1160 3756 citat
1183 3691 1310 3757 Iacobs.

314 3773 354 3834 ad
376 3775 409 3837 h.
429 3779 453 3836 1.
474 3810 518 3822 -
538 3781 743 3858 Κοιυτταρίς,
771 3779 977 3854 sacrificulo,
1008 3801 1090 3863 quae
1116 3779 1199 3840 circa
1220 3798 1312 3840 sacre

314 3859 392 3920 deae
406 3863 579 3938 Κυτυηοός
595 3883 652 3924 seu
666 3857 793 3942 Κότυος,
816 3861 902 3922 dicta
916 3861 955 3930 τά
964 3861 1129 3942 Iconium,
1152 3877 1310 3940 versatur,

313 3966 394 4029 quae
425 3944 704 4008 incantationibus
731 3945 938 4024 constabant;
984 3949 1085 4033 igitur
1112 3947 1198 4008 nihil
1218 3944 1312 4006 aliud

315 4050 409 4113 quarn
422 4029 444 4106 ’i
457 4025 699 4117 ᾳυρμαιεότριυ,
720 4031 741 4106 ἡ
755 4029 921 4114 ἐπᾴδουσα,
937 4047 974 4096 vt
989 4055 1084 4116 supra
1096 4035 1188 4119 ypala
1203 4056 1315 4096 κοσκι·

312 4113 468 4202 νόμαιτις.
511 4115 647 4181 Anthol.
661 4118 705 4182 11.
719 4117 778 4182 IX.
792 4119 823 4182 5.
837 4114 858 4195 ις’
869 4115 962 4198 nodari
974 4115 1153 4206 κροτάφοισι
1166 4141 1313 4184 catuna-
