2956 5020
331 441 635 530 rnuocnrrr
662 442 935 528 roramon
969 439 1094 530 xvrr.
1128 457 1131 464 Δ
1178 440 1244 532 ιιι

180 609 329 698 Trisique
344 611 451 680 millia
466 635 568 704 super
582 613 721 700 triginta
735 611 849 696 millia,

179 715 260 780 Duo
272 713 445 787 terniones
453 714 469 798 ,'
485 727 520 780 et
533 728 669 804 praeter
684 715 746 782 hos
762 729 816 782 ter
830 737 971 782 novem:
1240 796 1242 800 Ι

182 815 345 904 Quorum
361 817 514 886 omnium
526 819 740 886 Ptolemaeus
754 817 988 905 magnanimus
1002 838 1066 884 rex
1077 823 1137 892 est.

181 918 228 986 Et
241 940 323 984 vero
336 919 534 986 Phoeniciae
551 912 684 1010 partem
698 921 861 1012 possidet,
883 919 1106 1010 Arabiaeque,

182 1020 230 1086 Et
243 1018 371 1106 Syriae,
392 1023 593 1112 Libyaeque,
615 1025 858 1114 nigrorumque
876 1021 1097 1112 Aethiopum:
1175 1039 1177 1046 “

182 1123 459 1212 Pamphyliisque
473 1127 633 1194 omnibus
643 1140 678 1192 et
694 1125 858 1192 bellicosis
872 1116 1028 1190 Cilicibus

182 1223 340 1312 imperat,
360 1226 537 1314 Lyciisque
550 1239 585 1293 et
595 1229 802 1320 pugnacibus
817 1226 973 1308 Caribus,

183 1326 231 1394 Et
243 1325 360 1393 insulis
376 1329 592 1420 Cycladibus:
614 1353 696 1398 nam
710 1331 740 1396 ei
753 1354 854 1400 naves
869 1329 1018 1420 optimae

184 1430 253 1507 Per
268 1442 414 1519 pontum
430 1445 531 1518 eunt,
552 1457 715 1524 mareque
729 1445 839 1500 totum
856 1445 889 1499 et
906 1445 997 1502 terra
1029 1503 1031 1508 ,

7 1587 12 1598 ,
143 1548 145 1552 ’
185 1532 232 1598 Et
246 1529 343 1598 fluvii
356 1545 548 1600 resonantes
561 1533 743 1603 Ptolemaei
758 1533 904 1620 imperio
922 1531 1059 1609 subiecti
1072 1527 1166 1601 sunt'

165 1635 171 1644 ’
186 1635 288 1702 Multi
304 1635 406 1733 etiam
424 1633 563 1723 equites,
585 1637 749 1722 multique
772 1636 892 1704 milites
908 1637 1039 1720 scutati,

188 1737 279 1805 Aere
294 1737 439 1826 fulgenti
452 1738 608 1806 instructi
621 1740 652 1806 ei
666 1750 834 1844 strepunt.

188 1911 397 1930 *ιη-.-

254 2011 325 2086 port
338 2027 373 2068 τε
389 1999 525 2086 Κάρσσσι
538 2003 670 2066 Brunck
686 2017 719 2065 et
733 2003 887 2066 Valcken.
907 2017 1003 2088 atque
1019 2000 1132 2066 vltima
1151 2000 1249 2065 verba

253 2095 320 2170 φιλ.
338 2093 442 2171 Καρσὶ
461 2088 523 2151 iam
545 2091 674 2166 Barnea.
697 2087 736 2148 sd
758 2085 894 2150 Homeri
914 2087 1008 2150 iliad.
1030 2089 1087 2152 lx.
1103 2083 1176 2152 3⁴78.
1202 2087 1249 2164 sip

228 2169 232 2178 ’
255 2189 447 2236 correxerat.
480 2176 544 2248 [Ex
566 2173 637 2236 cdd.
654 2173 699 2233 sio
720 2173 891 2257 legendum
917 2195 984 2236 esse
1006 2171 1134 2234 monuit
1153 2171 1250 2234 etiam

256 2257 444 2320 Dorvillius
461 2258 538 2320 Obs.
554 2255 859 2340 Misc.v11.p.41.]
883 2291 924 2304 -
948 2251 1107 2318 Schrader
1119 2257 1153 2317 in
1165 2256 1251 2318 libro

257 2341 440 2404 Emendstt.
462 2337 565 2426 praei.⁸
578 2365 611 2425 p.
629 2360 684 2442 aar:
696 2341 831 2427 corrigit
853 2339 1059 2428 Παμφύισισι
1071 2363 1132 2425 pro
1153 2349 1251 2426 Παμ-

255 2447 488 2531 φυλίοισι,(ιιιίιι
505 2447 625 2528 syllaba
639 2473 681 2532 qo
699 2446 907 2531 productum
932 2447 1040 2533 sicque
1058 2459 1168 2532 postea
1183 2467 1253 2508 cor·

257 2545 380 2604 rectum
394 2529 484 2590 dedit
497 2531 650 2593 Valcken.
669 2567 712 2581 —-
732 2527 934 2607 viontcvnus
951 2531 1000 2593 ed.
1016 2555 1046 2593 v.
1061 2533 1193 2594 Ernesti
1211 2529 1254 2593 ad

261 2614 387 2677 Gallim.
401 2615 443 2674 H.
460 2614 495 2674 in
504 2617 624 2678 Delum
639 2615 689 2680 66.
706 2615 761 2682 sed
774 2612 880 2697 ια’σοις
893 2616 1098 2678 retinendum
1112 2637 1191 2692 esee,
1206 2615 1254 2676 ait

259 2698 504 2761 Valckenarius.
527 2702 625 2760 Harl.
658 2701 778 2788 ἄριστοι
794 2699 973 2764 octodecim
991 2700 1062 2762 cdd.
1075 2699 1147 2762 edd.
1160 2697 1253 2770 Med

259 2781 334 2845 Ald.
349 2784 436 2846 lunt.
450 2784 549 2860 aliae3
581 2785 801 2871 demarcuit
817 2784 929 2868 steph.
971 2789 1086 2848 Kiessd
1286 2795 1288 2811 ¹

216 2929 269 2999 92.
291 2909 483 2990 κελάδοντες,
505 2925 697 2978 resonantes.
727 2936 758 2975 v.
770 2910 811 2974 sd
825 2911 920 2993 ldytl.
936 2911 1009 2976 V11.
1026 2911 1095 2993 157.
1128 2913 1255 2980 Aristo·

261 2997 360 3081 phau.
378 2993 466 3057 Nub.
483 2992 545 3060 284
556 3018 603 3081 sq.
616 3003 670 3066 ιιαῖ
685 2997 830 3082 ποταμῶν
841 2997 960 3073 ζαθέων
970 2991 1180 3084 uiridium,
1201 3002 1258 3067 sot

159 3127 163 3136 ·
258 3078 371 3152 πόντον
384 3077 545 3148 κελάδοντα
558 3083 764 3170 βαρύβρομοι.
805 3085 904 3144 Harl.

218 3211 272 3304 95.
294 3235 346 3296 μιν
358 3229 418 3292 pro
431 3215 461 3274 ol
475 3222 522 3272 est
536 3209 571 3272 in
586 3209 740 3272 tredecim
755 3207 836 3273 Cdd.
852 3225 885 3272 et
897 3211 1019 3295 recepit
1030 3213 1172 3276 Brunelt.
1210 3179 1256 3279 k.

218 3329 272 3421 94·
295 3331 483 3414 σεσαγμένοι,
506 3329 597 3413 quasi
611 3331 737 3412 oppleti,
752 3335 940 3410 constipati,
963 3334 1124 3406 instructi,
1149 3328 1259 3400 serir-

262 3441 323 3495 ιω,
352 3415 513 3498 exquisita
535 3414 652 3486 lectio,
683 3433 764 3498 quse
790 3414 886 3476 etiam
907 3415 1121 3481 Valckenario
1147 3416 1258 3482 iudico

264 3503 347 3562 male
369 3513 492 3562 tentata
512 3513 580 3562 est..
622 3501 784 3563 Wartono
805 3513 912 3562 tamen
956 3505 1040 3564 lacet
1062 3503 1162 3566 lectio
1187 3501 1259 3566 cod.

266 3583 428 3647 Ottoboni
451 3585 585 3648 aliorum
633 3606 662 3662 e,
685 3583 762 3648 item
779 3583 850 3650 edd.
865 3522 956 3652 Medi
970 3585 1182 3674 Aldinaeque‚
1205 3611 1260 3654 τι.

184 3691 186 3694 “
264 3673 421 3753 ταγμένοι,
444 3668 532 3753 quod
546 3606 805 3731 &item
813 3670 909 3736 malit
923 3671 959 3732 in
974 3681 1169 3761 retevyps'vm,
1190 3671 1262 3736 sive'

265 3755 444 3839 σετυγμένσι
481 3753 695 3836 [Hesychiust
719 3751 938 3838 σεσάχθαι·
966 3759 1175 3832 intendebat,
1199 3785 1260 3826 au·

265 3843 482 3916 θοπλίζεσθαι.
505 3834 596 3924 odyn
618 3835 676 3924 yde
689 3830 711 3916 ηι
729 3835 939 3926 subintrare]
968 3843 1031 3906 Pro
1046 3841 1262 3930 donooaytiis-

267 3953 311 4003 u,
333 3921 422 4008 quod
438 3937 486 3985 est
500 3923 672 3990 Theocrito
687 3924 849 4006 peculiare
862 3940 895 3988 et
908 3925 1041 4012 ingenio
1055 3927 1260 3992 librariorum

269 4009 397 4072 doctius
417 4007 627 4084 vocabulum,
660 4030 700 4072 ex
720 4007 791 4072 cdd.
813 4008 904 4072 dedit
923 4011 1106 4074 Bruncbius
1126 4011 1167 4094 ἅμ
1195 4015 1263 4096 ayd-

266 4119 382 4181 ρσηαι
405 4095 502 4156 Harl.
538 4092 643 4177 [Mihi
659 4095 899 4183 quoqueleotio
912 4095 1164 4182 Beneuenta·
1190 4111 1262 4169 etur

266 4177 489 4266 praeferenda.
532 4179 663 4268 tuest]
