2872 5018
255 453 316 521 190
422 430 728 498 OEOKPI'I'OY
750 428 1068 498 ΕΙΔΤᾼΛΙΟΝ
1096 419 1133 498 ς’.

253 601 436 702 doninica,
462 593 516 700 μή
530 601 595 682 τᾶς
610 591 742 680 παιδός
757 598 817 670 ἐπὶ
832 591 1030 689 ιιιῶμαισιιι
1047 591 1183 696 ὀρούσῃ

250 711 314 794 Ἐξ
328 703 412 790 ἁλός
428 705 643 803 ἐρχομένοις,
670 693 766 774 nard
783 701 822 774 di
844 695 936 794 χρόα
952 694 1064 774 auide
1080 697 1209 798 ἁμάξῃ.

249 813 300 892 ‘A
313 797 1235 898 δι’ιιαὶαὐτόθετοιδιαθρύιιτεται,ιὶςἀπἀἰιαίθας
1264 809 1316 878 15'

257 917 326 996 Ταὶ
340 911 499 1008 ιιαιιαραὶ
513 914 661 1000 χαῖται,
686 899 733 980 ιδ
746 901 857 980 aeide
872 908 981 1004 θέρος
998 904 1104 980 ἁνίκα
1119 902 1285 1006 optino·

251 1071 461 1095 anan—¹·-

315 1176 388 1218 cum
402 1147 559 1214 Valcken.
572 1159 607 1208 et
617 1144 800 1222 Bruucltim
825 1147 883 1229 qni
895 1141 1120 1232 καχλᾶσδαπος
1135 1145 1240 1222 dedit,
1266 1169 1316 1209 re.

312 1237 492 1303 scriberem.
534 1229 706 1318 Καχλᾰζιιν
727 1245 835 1292 eutem
856 1247 905 1294 eet
922 1231 1098 1294 secundum
1114 1231 1314 1294 scholiasten

316 1325 429 1410 ψοφεῖν
443 1315 479 1384 td
491 1318 573 1400 αὖρα
586 1313 752 1400 φερόμεναι
767 1318 820 1384 ἐπὶ
838 1314 908 1392 roric
921 1314 1090 1401 ιιαχληιιαρ,
1112 1318 1160 1378 od
1170 1319 1315 1380 calculos

316 1407 483 1472 litterula.
515 1399 582 1464 vid.
603 1407 712 1482 Toup.
734 1422 752 1460 a
776 1399 821 1461 ud
844 1402 996 1465 Wartou.
1020 1401 1060 1462 ed
1084 1402 1180 1484 1dy11.
1204 1401 1316 1464 XXII.

316 1491 369 1562 58.
392 1487 546 1552 Valcken.
565 1485 606 1548 ad
632 1422 784 1568 Euripid.
804 1485 980 1570 Hippolyt.
1004 1505 1095 1550 1210.
1119 1509 1150 1570 p.
1170 1484 1243 1572 295.
1264 1507 1315 1570 eq.

315 1581 414 1642 Harl.
447 1571 545 1638 Nihil
564 1570 721 1632 hocloco
741 1569 857 1632 invitis
872 1569 965 1633 codd.
981 1586 1030 1632 eet
1048 1570 1257 1646 mutandum,
1280 1585 1317 1633 ct

316 1686 359 1728 nc
379 1655 576 1747 ηχιᾶζοηας
587 1653 717 1742 quidem
738 1651 874 1718 exedit.
893 1657 980 1720 Flet.
1003 1655 1243 1740 recipiendum
1266 1670 1316 1716 et·

316 1747 404 1813 enim
424 1742 521 1806 verba
536 1739 663 1802 demum
683 1739 785 1826 ἅσυχα
803 1766 843 1806 ιια
865 1737 1018 1818 liudem
1036 1741 1207 1825 imaginem
1219 1741 1316 1812 marie

317 1828 487 1914 tranquilli
506 1827 573 1888 leni
595 1845 637 1886 ue
652 1845 811 1886 murmure
828 1767 868 1884 ad
888 1825 981 1888 littus
996 1825 1165 1902 iuuentis,
1189 1823 1315 1898 ambitu

317 1939 377 1980 auo
393 1914 518 1976 finitam
536 1849 712 1987 exiribent,
736 1908 898 1992 exiitque
916 1915 999 1974 clare
1016 1909 1229 1993 perspicitur,
1254 1913 1315 1994 qui

319 2005 441 2066 factum
454 1997 515 2072 eit,
539 2009 575 2056 vt
593 1994 682 2056 canie
702 2015 791 2056 tuam
807 1993 843 2054 in
864 1994 945 2056 meri
964 2009 1115 2080 tanquam
1129 1995 1164 2055 in
1180 2001 1314 2077 speculo

318 2085 490 2171 imaginem
510 2079 655 2154 videret;
678 2077 775 2141 modo
795 2081 837 2139 n‘e
855 2079 1079 2162 interpreteris
1100 2081 1208 2146 leniter
1222 2081 1316 2162 effer-

317 2172 494 2240 vescentia,
518 2185 600 2250 quae
622 2165 773 2226 notiones
789 2184 954 2246 nunquam
975 2164 1211 2226 consocientur.
1256 2167 1317 2228 Et-

318 2260 383 2320 iam
399 2253 591 2396 epigramma
602 2248 695 2310 Pauli
709 2247 889 2312 Silentiarii
902 2247 1024 2312 XXVI.
1038 2247 1103 2310 hnc
1118 2271 1213 2337 quam
1229 2253 1316 2338 opti·

315 2359 443 2424 meque
467 2350 533 2397 rat:

390 2455 439 2514 ato
455 2447 507 2524 γιῖρ
526 2449 651 2538 ἕρσιριαὶ
668 2447 802 2512 elnone*
833 2449 929 2522 ’ραταα
945 2447 1039 2520 eisin
1055 2457 1159 2530 patrat,
1220 2509 1224 2518 ,

425 2529 471 2580 nal
489 2541 625 2590 ποταμαιν
641 2517 731 2588 δῖναι,
753 2529 800 2577 uel
835 2527 903 2580 luat
919 2516 1056 2592 civeniae.

318 2650 427 2731 Atque
442 2643 520 2719 licet
532 2641 667 2724 probata
682 2643 824 2711 lectione
839 2643 1038 2730 καχλάζοντος
1046 2645 1150 2708 omnis
1164 2647 1230 2710 loci
1244 2670 1316 2712 seu-

317 2731 421 2798 tentia
437 2751 504 2791 non
527 2743 687 2804 mutetur,
712 2743 818 2790 temen
856 2729 1002 2792 hantatia
1019 2752 1038 2791 a
1052 2730 1206 2794 fluctibus
1220 2736 1318 2796 maris

316 2815 430 2902 magia,
448 2833 541 2899 quum
562 2809 616 2872 hic
634 2829 780 2896 oportet,
801 2751 852 2874 ad
856 2814 1030 2900 imaginem
1052 2815 1160 2878 litoris
1174 2816 1316 2890 traduci·

317 2918 381 2964 tur.
425 2897 524 2961 Canis
539 2909 645 2956 autem
659 2897 695 2958 iu
708 2896 806 2960 litore
829 2897 1008 2962 discurrere
1025 2897 1147 2962 dicitur
1161 2923 1228 2964 non
1243 2917 1316 2964 tan·

319 3007 413 3070 quam
434 2982 508 3051 ὀΐων
529 2975 658 3056 σκοπός,
679 2981 795 3077 quibus
816 2983 922 3045 verbis
945 2998 1052 3046 toturn
1072 2985 1144 3046 eiua
1170 2984 1318 3050 officium

317 3067 536 3155 aignificatur‚
560 3061 616 3126 sed
638 3085 713 3147 quia
735 3087 753 3128 e
776 3069 855 3128 meri
878 3067 969 3128 malis
992 3068 1094 3151 petite
1109 3087 1169 3133 eat.
1214 3071 1316 3136 Canis

318 3155 421 3238 petite
437 3149 539 3236 igitur
553 3147 587 3208 iu
605 3169 677 3210 eum
689 3153 798 3214 locum
811 3165 1008 3235 prospectat,
1031 3153 1117 3217 vnde
1129 3170 1178 3216 eet
1191 3156 1314 3239 petita;

317 3259 404 3300 mare
417 3257 485 3296 non
498 3233 615 3307 iutrat;
639 3237 746 3312 latrat,
763 3251 832 3297 tum
846 3235 936 3320 quod
950 3252 999 3298 eet
1013 3239 1129 3322 petita,
1139 3253 1208 3301 tum
1225 3243 1316 3324 quod

317 3343 408 3384 cuam
420 3319 455 3378 in
468 3318 547 3378 mari
563 3335 765 3400 conspectam
788 3321 960 3405 imaginem
974 3327 1103 3386 alteram
1118 3345 1185 3386 eoae
1201 3347 1315 3388 cenem

316 3403 617 3486 hostem'opinetur.
652 3403 706 3464 Sic
728 3409 834 3467 solent
853 3427 957 3469 cenea.
995 3407 1147 3490 Denique
1163 3407 1230 3470 dici
1246 3431 1316 3472 non

317 3502 444 3575 potest,
469 3509 579 3549 canem
594 3487 641 3548 aic
657 3487 889 3552 discurrentem
907 3490 993 3552 nihil
1005 3491 1047 3552 ad
1063 3493 1228 3554 Galateam
1242 3516 1317 3578 per·

318 3573 432 3636 tinere.
477 3573 560 3634 Nam
575 3570 614 3633 ed
630 3572 713 3634 hanc
727 3575 774 3634 sic
790 3575 949 3658 pertinet,
971 3575 1048 3659 quia
1063 3591 1166 3638 metue
1180 3591 1245 3655 eet,
1271 3601 1316 3643 ne

317 3655 419 3720 bestia
449 3656 595 3718 lacessita
617 3657 768 3720 Galateae
789 3657 969 3745 egredienti
997 3682 1085 3724 curet
1107 3661 1250 3726 vellicet.
1273 3701 1318 3716 --

314 3737 497 3804 Wartonua
521 3739 679 3804 coniecit:
714 3745 815 3830 ἅσυχα
845 3737 1032 3828 ιιαχᾶζοιααν
1052 3767 1077 3810 ι.
1100 3744 1317 3831 tundimur,

315 3829 461 3910 puellam
486 3827 637 3900 molliter,
671 3829 792 3890 lascive
820 3831 987 3904 ridentem
1024 3833 1078 3891 vcl
1105 3832 1318 3915 παφλάζοντα,

319 3911 388 3974 teil.
416 3907 551 3992 κύματα,
580 3912 703 3993 βασιιιι
728 3908 859 3996 placide
883 3912 1060 3994 ferventer.
1106 3915 1234 4000 Inepte.
1272 3923 1317 3982 cf.

317 3993 495 4062 Schneider
508 3995 543 4054 in
556 3995 714 4060 Biblioth.
727 3997 844 4100 philol.
860 3999 954 4060 Tom.
961 3998 988 4060 1.
1003 4021 1036 4082 p.
1049 3997 1119 4064 126.
1142 4039 1182 4050 -
1204 4006 1316 4066 Drex·

315 4079 383 4142 liua
404 4079 468 4142 tic:
499 4079 627 4166 »ἥσυχα
644 4088 840 4167 copiosorum
856 4079 904 4148 ἐπ’
918 4087 955 4148 αι’
971 4087 1070 4151 caloio
1083 4089 1207 4171 Otolop·
1251 4091 1319 4150 Ca-

318 4171 371 4228 ιιίι
386 4167 490 4228 latrat
503 4168 540 4227 ιἰι
553 4187 640 4229 more
647 4170 847 4249 prospicient
862 4110 971 4252 (quod
982 4168 1061 4232 inde
1073 4173 1180 4254 pomis
1196 4175 1268 4257 peti
1283 4197 1319 4236 se
