2918 5020
205 251 214 286 l

264 421 883 499 annocn1n11nrnn10n
911 433 1050 501 xxvi.
1137 456 1200 528 7⁰?

125 599 295 670 Pentheus
320 599 461 686 quidem
483 597 635 689 fugiebat
660 604 817 672 tenituse
861 605 990 676 stillae
1014 627 1201 698 perseque-

318 743 324 752 ·
668 739 671 746 ·
712 709 851 791 bantur,

122 803 234 892 Peplis
249 827 269 869 e
283 804 418 892 cingulo
433 804 475 872 nd
498 805 643 895 poplites
662 810 823 878 attractis.

120 907 290 975 Pentheus
308 910 443 995 quidem
459 908 526 974 hoe
542 911 647 978 dixit:
671 911 767 1001 Quid
784 911 876 979 vobis
892 910 1003 993 vultis,
1013 914 1197 985 mulieres?

121 1011 344 1098 Autonoeque
360 1013 425 1078 hoc
437 1011 543 1078 dixite
565 1013 650 1082 Mox
661 1014 1000 1102 senties,priusquam
1010 1018 1214 1092 audiveris..

119 1115 233 1200 Atque
250 1127 358 1180 mater
381 1113 571 1200 immugiit,
593 1116 702 1204 capite
715 1115 778 1184 filii
794 1129 962 1208 correpto,

119 1213 279 1304 Quantus
295 1229 345 1282 est
358 1215 449 1284 fetae
469 1219 608 1284 leaenae
621 1217 792 1305 mugitus:

117 1319 177 1386 Ino
193 1331 310 1384 contra
325 1321 443 1386 avellit
456 1341 536 1386 cum
550 1321 686 1408 scapula
705 1339 869 1404 magnum
883 1319 1084 1410 humerum,

114 1421 260 1488 Pedibus
274 1434 431 1488 ventrem
446 1423 595 1488 calcanea
617 1423 839 1512 Autonocque
851 1423 943 1490 idem
961 1425 1127 1498 faciebata

115 1523 286 1612 Reliquae,
301 1536 468 1613 quantum
481 1535 659 1614 supererat
670 1525 837 1609 carnium,
857 1523 1189 1618 discerpebautmu.

696 1624 814 1710 lieres,
1168 1705 1173 1714 1

115 1730 240 1817 Sicque
253 1729 388 1798 Thebas
399 1728 578 1798 redierunt
592 1729 843 1804 contaminatae
854 1732 1018 1820 sanguine
1033 1759 1167 1828 omnes,

112 1832 168 1898 Ex
183 1846 300 1899 monte
313 1835 455 1922 luctum,
477 1853 548 1898 nou
571 1832 732 1912 Penthea,
754 1831 953 1900 referentes.

106 1933 189 2001 Non
203 1957 305 2000 curo:
327 1957 440 2022 neque
455 1933 540 2000 alius
551 1933 702 2000 infensus
719 1955 787 2000 esse
799 1933 932 2004 Baccho

111 2105 321 2128 m

172 2221 255 2278 rum,
279 2199 433 2264 Autonoe
446 2199 612 2263 sinistrum
628 2195 811 2260 trahebam
834 2195 1076 2269 stellartius:
1100 2205 1182 2276 adda

174 2285 271 2346 etiam
291 2291 397 2372 Toup.
412 2291 433 2348 l.
448 2309 475 2350 c.
519 2285 637 2347 Kiessl.
1056 2353 1057 2358 ἵ
1103 2361 1107 2371 Ι

128 2367 181 2434 26.
202 2366 321 2436 Versus
345 2387 395 2435 est
407 2370 587 2434 Theocrito
602 2369 661 2433 vix
678 2365 796 2454 dignus
809 2367 851 2431 ob
864 2371 971 2431 lusum
990 2371 1179 2444 verborum:

173 2469 207 2518 et
225 2478 329 2541 paene
352 2457 394 2520 ob
413 2455 571 2520 ludicram
592 2471 625 2517 et
644 2453 787 2516 ieiunam
811 2451 942 2514 dicendi
962 2459 1121 2524 rationem
1146 2481 1180 2528 et

93 2585 97 2594 .
172 2541 339 2625 illepidam
363 2543 514 2604 carminis
530 2542 667 2602 formam
688 2537 724 2600 in
744 2538 938 2600 senteutiam
955 2539 1117 2625 adducor,
1141 2565 1179 2612 vt

171 2625 237 2688 hoc
254 2626 405 2714 idylliu'm
422 2626 460 2688 ab
483 2627 547 2689 alio
563 2623 702 2710 quodam
723 2638 822 2709 poete
838 2621 964 2686 credam
979 2647 1049 2689 csse
1064 2633 1175 2694 confe-

170 2725 270 2775 ctum.
313 2715 426 2775 Plures
447 2728 553 2773 tamen
573 2710 696 2771 similes
717 2707 914 2792 optimorum
938 2725 1106 2776 auctorum
1125 2738 1175 2780 ar.

170 2798 278 2882 gutiae
295 2797 534 2882 collegitKlotz
551 2797 586 2855 in
600 2793 753 2856 Lection.
769 2791 928 2858 Venusia.
943 2815 975 2877 p.
989 2817 1055 2882 179.
1078 2801 1175 2862 Dou.

168 2904 203 2944 ια
220 2883 255 2942 in
279 2884 368 2945 notis
390 2881 431 2944 ad
445 2881 564 2944 Catuli.
578 2903 610 2963 p.
624 2877 697 2944 546.
709 2877 758 2941 ed.
775 2875 910 2941 Graevii
934 2886 1119 2944 nouaclum
1134 2886 1179 2948 ila

167 2971 236 3030 lam
255 2968 505 3031 alliterationem
521 2965 650 3042 laudet,
674 2963 730 3025 sed
746 2961 958 3026 Theocritum
979 2987 1108 3054 quoque
1125 2969 1175 3032 iu.

168 3053 257 3116 dicat
279 3053 439 3116 imitatum
461 3053 564 3113 fuisse
584 3047 787 3132 Euripidem.
809 3081 853 3098 ··-
873 3049 1015 3132 φίροισαι
1035 3073 1096 3134 pro
1112 3082 1176 3138 φρ.

166 3147 280 3226 ponaer
299 3139 458 3202 Wintert.
482 3137 623 3198 Brunck.
640 3149 673 3196 et
693 3133 806 3196 Valck.
828 3135 925 3194 Harl.
969 3133 1061 3198 Adde
1085 3141 1174 3202 Tou.

166 3225 217 3308 pii
237 3223 386 3288 Addend.
402 3221 442 3284 ad
463 3217 777 3306 Idyn.XxV11.49.
799 3235 832 3282 et
854 3218 979 3282 Liebel.
996 3219 1036 3280 ad
1056 3222 1174 3288 Archi.

164 3310 251 3374 loch.
269 3335 300 3394 p.
316 3307 367 3374 66.
410 3309 527 3372 Kieeel.

120 3427 174 3498 27.
199 3412 319 3474 Reialte
334 3410 493 3474 coniecit:
515 3407 571 3479 οὐκ
593 3408 632 3475 aiv
654 3403 729 3494 ἐγώ,
751 3401 821 3488 und'
838 3405 931 3484 silice
945 3424 1006 3472 etc.
1029 3435 1095 3474 non
1112 3436 1170 3496 ego

160 3501 327 3580 patierin
341 3509 472 3557 arentem
486 3501 599 3569 venire,
608 3515 703 3576 neque
713 3497 867 3574 patiatur
881 3495 967 3555 alius
983 3502 1169 3580 quisquam,

166 3585 279 3657 velim,
303 3588 339 3643 in
350 3595 481 3643 martem
493 3583 558 3644 sibi
577 3586 697 3660 venire,
722 3593 757 3639 vt
768 3601 841 3640 cum
854 3581 998 3662 Dionyso
1015 3587 1171 3644 simulta-

166 3681 211 3728 tes
230 3673 406 3748 suscipiat,
430 3682 460 3728 et
482 3681 603 3728 certare
622 3667 761 3739 audeam
783 3685 878 3750 quam
895 3667 1115 3729 coniecturam
1131 3669 1168 3729 in

165 3767 292 3814 textum
315 3753 448 3816 admisit
467 3751 616 3829 Brundi,
646 3752 693 3812 ita
711 3767 836 3826 tamen,
868 3764 905 3812 vt
928 3750 1097 3826 scriberet«,
1128 3751 1168 3816 ἄν

164 3837 261 3921 e’yuir,
283 3837 345 3906 οὐδ’
354 3840 447 3916 ἄλλος
462 3853 522 3901 etc.
538 3852 572 3900 et
588 3859 715 3901 versum
730 3833 780 3900 28.
799 3833 859 3896 hac
879 3836 1008 3898 ratione
1022 3835 1166 3919 suspica·
1186 3910 1193 3924 ἱ

160 3939 217 3986 tur
247 3924 490 4009 corrigendum:
529 3920 600 4008 μηδ’
620 3922 656 3999 ὅς
677 3947 731 3988 κεν
752 3913 898 3988 ἐλάττονα
926 3922 1020 3986 τῶνδε
1039 3920 1166 4008 μογήσῃ.

163 4013 264 4072 Harl.
306 4008 348 4072 Η.
364 4011 519 4092 Vossius,
539 4007 698 4070 Brunchii
718 4006 863 4070 lectione
881 4005 1032 4089 probata,
1054 4007 1166 4066 locum

161 4095 212 4158 eie
233 4098 393 4181 explieat:
426 4117 512 4156 nemo
537 4099 573 4156 in
587 4105 718 4155 annum
739 4091 804 4152 sibi
824 4095 930 4152 venire
945 4093 1108 4170 patiatur,
1132 4101 1168 4150 ot

153 4183 297 4246 umato
320 4187 409 4247 litem
424 4179 588 4266 intendat,
609 4199 672 4266 nco¹
686 4175 948 4335 sYtLatrccioribua
970 4175 1029 4237 ille·
1041 4175 1167 4258 suppli-

731 4283 754 4354 y
776 4281 795 4328 2
