<?xml version="1.0" encoding="UTF-8"?>
<!DOCTYPE html PUBLIC "-//W3C//DTD XHTML 1.0 Transitional//EN"
    "http://www.w3.org/TR/xhtml1/DTD/xhtml1-transitional.dtd">
<html xmlns="http://www.w3.org/1999/xhtml" xml:lang="en" lang="en">
 <head>
  <title>
</title>
<meta http-equiv="Content-Type" content="text/html;charset=utf-8" />
  <meta name='ocr-system' content='tesseract 3.04.00' />
  <meta name='ocr-capabilities' content='ocr_page ocr_carea ocr_par ocr_line ocrx_word'/>
</head>
<body>
  <div class='ocr_page' id='page_1' title='image "./theocritireliqv00kiesgoog_0771.png"; bbox 0 0 2918 5020; ppageno 0'>
   <div class='ocr_carea' id='block_1_1' title="bbox 449 1101 1079 1181">
    <p class='ocr_par' dir='ltr' id='par_1_1' title="bbox 449 1101 1079 1181">
     <span class='ocr_line' id='line_1_1' title="bbox 449 1101 1079 1181; baseline -0.005 0"><span class='ocrx_word' id='word_1_1' title='bbox 449 1101 1079 1181; x_wconf 81' lang='grc' dir='ltr'><em>’ΘΕΟΚΡΙΤΟΥ</em></span> 
     </span>
    </p>
   </div>
   <div class='ocr_carea' id='block_1_2' title="bbox 260 1282 1323 1578">
    <p class='ocr_par' dir='ltr' id='par_1_2' title="bbox 260 1282 1323 1578">
     <span class='ocr_line' id='line_1_2' title="bbox 260 1282 1323 1404; baseline -0.004 0"><span class='ocrx_word' id='word_1_2' title='bbox 260 1289 473 1404; x_wconf 81' lang='grc' dir='ltr'>ΤΟΥ</span> <span class='ocrx_word' id='word_1_3' title='bbox 569 1282 1323 1402; x_wconf 76' lang='grc' dir='ltr'><em>ΣΥΡΑΚΟΥΣΙΟΥ</em></span> 
     </span>
     <span class='ocr_line' id='line_1_3' title="bbox 569 1513 978 1578; baseline -0.005 0"><span class='ocrx_word' id='word_1_4' title='bbox 569 1513 978 1578; x_wconf 70' lang='grc'><strong>11111111111</strong></span> 
     </span>
    </p>
   </div>
   <div class='ocr_carea' id='block_1_3' title="bbox 758 1679 794 1760">
    <p class='ocr_par' dir='ltr' id='par_1_3' title="bbox 758 1679 794 1760">
     <span class='ocr_line' id='line_1_4' title="bbox 775 1679 785 1708; baseline 0 0"><span class='ocrx_word' id='word_1_5' title='bbox 775 1679 785 1708; x_wconf 78' lang='lat' dir='ltr'>r</span> 
     </span>
     <span class='ocr_line' id='line_1_5' title="bbox 758 1715 794 1760; baseline -0.139 0"><span class='ocrx_word' id='word_1_6' title='bbox 758 1715 794 1760; x_wconf 72' lang='grc' dir='ltr'>α.</span> 
     </span>
    </p>
   </div>
   <div class='ocr_carea' id='block_1_4' title="bbox 241 1787 1247 2230">
    <p class='ocr_par' dir='ltr' id='par_1_4' title="bbox 251 1787 1247 2024">
     <span class='ocr_line' id='line_1_6' title="bbox 251 1787 1247 1922; baseline 0.004 -26"><span class='ocrx_word' id='word_1_7' title='bbox 251 1787 332 1898; x_wconf 70' lang='lat' dir='ltr'>Ta·</span> <span class='ocrx_word' id='word_1_8' title='bbox 348 1817 439 1922; x_wconf 82' lang='grc' dir='ltr'><strong><em>ῥόδα</em></strong></span> <span class='ocrx_word' id='word_1_9' title='bbox 454 1817 503 1897; x_wconf 76' lang='lat' dir='ltr'>cci</span> <span class='ocrx_word' id='word_1_10' title='bbox 516 1818 738 1920; x_wconf 76' lang='grc' dir='ltr'><strong><em>δροσόεντα,</em></strong></span> <span class='ocrx_word' id='word_1_11' title='bbox 764 1824 825 1896; x_wconf 74' lang='grc' dir='ltr'>καὶ</span> <span class='ocrx_word' id='word_1_12' title='bbox 844 1820 867 1920; x_wconf 79' lang='grc' dir='ltr'><em>ἠ</em></span> <span class='ocrx_word' id='word_1_13' title='bbox 887 1817 1114 1907; x_wconf 58' lang='lat' dir='ltr'>carduenos</span> <span class='ocrx_word' id='word_1_14' title='bbox 1127 1821 1247 1900; x_wconf 72' lang='grc' dir='ltr'><strong><em>ἐκείνω</em></strong></span> 
     </span>
     <span class='ocr_line' id='line_1_7' title="bbox 310 1922 1018 2024; baseline -0.004 -26"><span class='ocrx_word' id='word_1_15' title='bbox 310 1925 515 2024; x_wconf 79' lang='grc' dir='ltr'><strong><em>Ἑρπυλλος</em></strong></span> <span class='ocrx_word' id='word_1_16' title='bbox 529 1931 645 1998; x_wconf 79' lang='grc' dir='ltr'><strong><em>κεῖται</em></strong></span> <span class='ocrx_word' id='word_1_17' title='bbox 660 1932 740 2005; x_wconf 78' lang='grc' dir='ltr'><strong><em>ταῖς</em></strong></span> <span class='ocrx_word' id='word_1_18' title='bbox 753 1922 1018 2001; x_wconf 72' lang='grc' dir='ltr'><strong>Ἑλικωνιάο111.</strong></span> 
     </span>
    </p>

    <p class='ocr_par' dir='ltr' id='par_1_5' title="bbox 241 2023 1201 2230">
     <span class='ocr_line' id='line_1_8' title="bbox 241 2023 1201 2124; baseline -0.003 -18"><span class='ocrx_word' id='word_1_19' title='bbox 241 2029 313 2108; x_wconf 80' lang='grc' dir='ltr'>Ταὶ</span> <span class='ocrx_word' id='word_1_20' title='bbox 330 2031 369 2102; x_wconf 78' lang='grc' dir='ltr'>δὲ</span> <span class='ocrx_word' id='word_1_21' title='bbox 382 2023 636 2122; x_wconf 73' lang='grc' dir='ltr'><em>μελάμφυλλοι</em></span> <span class='ocrx_word' id='word_1_22' title='bbox 653 2023 791 2124; x_wconf 78' lang='grc' dir='ltr'><em>δάφναι</em></span> <span class='ocrx_word' id='word_1_23' title='bbox 810 2029 869 2102; x_wconf 76' lang='grc' dir='ltr'>τίν</span> <span class='ocrx_word' id='word_1_24' title='bbox 877 2084 892 2119; x_wconf 84' lang='grc'>,</span> <span class='ocrx_word' id='word_1_25' title='bbox 920 2028 1045 2102; x_wconf 75' lang='grc' dir='ltr'><em>Πύθιε</em></span> <span class='ocrx_word' id='word_1_26' title='bbox 1061 2024 1201 2104; x_wconf 66' lang='grc' dir='ltr'><em>Παιάν·</em></span> 
     </span>
     <span class='ocr_line' id='line_1_9' title="bbox 314 2127 1081 2230; baseline 0.003 -26"><span class='ocrx_word' id='word_1_27' title='bbox 314 2131 450 2228; x_wconf 67' lang='lat' dir='ltr'>deluit</span> <span class='ocrx_word' id='word_1_28' title='bbox 465 2130 541 2204; x_wconf 78' lang='grc' dir='ltr'><strong><em>ἐπεὶ</em></strong></span> <span class='ocrx_word' id='word_1_29' title='bbox 555 2132 673 2230; x_wconf 76' lang='grc' dir='ltr'><strong><em>πέτρα</em></strong></span> <span class='ocrx_word' id='word_1_30' title='bbox 688 2127 804 2205; x_wconf 79' lang='grc' dir='ltr'><em>τοῦτό</em></span> <span class='ocrx_word' id='word_1_31' title='bbox 821 2160 883 2206; x_wconf 83' lang='grc' dir='ltr'>τοι</span> <span class='ocrx_word' id='word_1_32' title='bbox 901 2127 1081 2226; x_wconf 76' lang='grc' dir='ltr'>α’γλᾰϊσεν.</span> 
     </span>
    </p>
   </div>
   <div class='ocr_carea' id='block_1_5' title="bbox 234 2299 445 2320">
    <p class='ocr_par' dir='ltr' id='par_1_6' title="bbox 234 2299 445 2320">
     <span class='ocr_line' id='line_1_10' title="bbox 234 2299 445 2320; baseline -0.019 0"><span class='ocrx_word' id='word_1_33' title='bbox 234 2299 445 2320; x_wconf 56' lang='grc' dir='ltr'><strong>ψ</strong></span> 
     </span>
    </p>
   </div>
   <div class='ocr_carea' id='block_1_6' title="bbox 237 2387 1299 4258">
    <p class='ocr_par' dir='ltr' id='par_1_7' title="bbox 254 2387 1299 2983">
     <span class='ocr_line' id='line_1_11' title="bbox 254 2387 1299 2478; baseline 0.001 -24"><span class='ocrx_word' id='word_1_34' title='bbox 254 2388 494 2475; x_wconf 83' lang='lat' dir='ltr'>Epigrammata</span> <span class='ocrx_word' id='word_1_35' title='bbox 511 2387 609 2467; x_wconf 88' lang='lat' dir='ltr'>haec,</span> <span class='ocrx_word' id='word_1_36' title='bbox 634 2411 716 2474; x_wconf 87' lang='lat' dir='ltr'>quae</span> <span class='ocrx_word' id='word_1_37' title='bbox 732 2389 856 2473; x_wconf 75' lang='lat' dir='ltr'>primur</span> <span class='ocrx_word' id='word_1_38' title='bbox 871 2393 1019 2478; x_wconf 82' lang='lat' dir='ltr'>vulgavit</span> <span class='ocrx_word' id='word_1_39' title='bbox 1034 2390 1207 2453; x_wconf 79' lang='lat' dir='ltr'>Zacharias</span> <span class='ocrx_word' id='word_1_40' title='bbox 1225 2389 1299 2454; x_wconf 86' lang='lat' dir='ltr'>Cal·</span> 
     </span>
     <span class='ocr_line' id='line_1_12' title="bbox 299 2475 1299 2563; baseline 0.002 -25"><span class='ocrx_word' id='word_1_41' title='bbox 299 2477 439 2559; x_wconf 84' lang='lat' dir='ltr'>liergus‚</span> <span class='ocrx_word' id='word_1_42' title='bbox 471 2495 576 2559; x_wconf 87' lang='lat' dir='ltr'>neque</span> <span class='ocrx_word' id='word_1_43' title='bbox 598 2475 633 2535; x_wconf 87' lang='lat' dir='ltr'>in</span> <span class='ocrx_word' id='word_1_44' title='bbox 652 2475 773 2536; x_wconf 87' lang='lat' dir='ltr'>Aldina</span> <span class='ocrx_word' id='word_1_45' title='bbox 794 2476 963 2538; x_wconf 82' lang='lat' dir='ltr'><strong>Theocriti</strong></span> <span class='ocrx_word' id='word_1_46' title='bbox 989 2475 1155 2552; x_wconf 88' lang='lat' dir='ltr'>editione,</span> <span class='ocrx_word' id='word_1_47' title='bbox 1191 2498 1299 2563; x_wconf 88' lang='lat' dir='ltr'>neque</span> 
     </span>
     <span class='ocr_line' id='line_1_13' title="bbox 296 2559 1298 2643; baseline 0 -21"><span class='ocrx_word' id='word_1_48' title='bbox 296 2563 333 2622; x_wconf 88' lang='lat' dir='ltr'>in</span> <span class='ocrx_word' id='word_1_49' title='bbox 347 2559 549 2622; x_wconf 82' lang='lat' dir='ltr'>Levanieuai</span> <span class='ocrx_word' id='word_1_50' title='bbox 567 2575 705 2643; x_wconf 90' lang='lat' dir='ltr'>quatuor</span> <span class='ocrx_word' id='word_1_51' title='bbox 719 2559 811 2620; x_wconf 70' lang='lat' dir='ltr'>annia</span> <span class='ocrx_word' id='word_1_52' title='bbox 825 2574 901 2642; x_wconf 82' lang='lat' dir='ltr'>port</span> <span class='ocrx_word' id='word_1_53' title='bbox 918 2563 1098 2623; x_wconf 85' lang='lat' dir='ltr'>Romanam</span> <span class='ocrx_word' id='word_1_54' title='bbox 1110 2563 1217 2637; x_wconf 84' lang='lat' dir='ltr'>facta,</span> <span class='ocrx_word' id='word_1_55' title='bbox 1241 2583 1298 2623; x_wconf 79' lang='lat' dir='ltr'>cx·</span> 
     </span>
     <span class='ocr_line' id='line_1_14' title="bbox 293 2644 1297 2730; baseline -0.002 -23"><span class='ocrx_word' id='word_1_56' title='bbox 293 2659 392 2707; x_wconf 75' lang='lat' dir='ltr'>etant.</span> <span class='ocrx_word' id='word_1_57' title='bbox 436 2644 617 2728; x_wconf 81' lang='lat' dir='ltr'>Aliquanto</span> <span class='ocrx_word' id='word_1_58' title='bbox 633 2667 669 2706; x_wconf 88' lang='lat' dir='ltr'>ea</span> <span class='ocrx_word' id='word_1_59' title='bbox 683 2665 775 2730; x_wconf 89' lang='lat' dir='ltr'>quarn</span> <span class='ocrx_word' id='word_1_60' title='bbox 792 2645 973 2730; x_wconf 81' lang='lat' dir='ltr'>Calliergua</span> <span class='ocrx_word' id='word_1_61' title='bbox 985 2647 1204 2728; x_wconf 80' lang='lat' dir='ltr'>locupletiora</span> <span class='ocrx_word' id='word_1_62' title='bbox 1227 2645 1297 2708; x_wconf 90' lang='lat' dir='ltr'>edi·</span> 
     </span>
     <span class='ocr_line' id='line_1_15' title="bbox 294 2729 1296 2814; baseline -0.003 -22"><span class='ocrx_word' id='word_1_63' title='bbox 294 2729 345 2792; x_wconf 88' lang='lat' dir='ltr'>dit</span> <span class='ocrx_word' id='word_1_64' title='bbox 365 2732 466 2792; x_wconf 87' lang='lat' dir='ltr'>Henr.</span> <span class='ocrx_word' id='word_1_65' title='bbox 491 2729 673 2812; x_wconf 80' lang='lat' dir='ltr'>Stephanus</span> <span class='ocrx_word' id='word_1_66' title='bbox 698 2729 789 2791; x_wconf 87' lang='lat' dir='ltr'>etin</span> <span class='ocrx_word' id='word_1_67' title='bbox 813 2729 1018 2814; x_wconf 72' lang='lat' dir='ltr'>principibus</span> <span class='ocrx_word' id='word_1_68' title='bbox 1041 2731 1147 2814; x_wconf 76' lang='lat' dir='ltr'>poetic</span> <span class='ocrx_word' id='word_1_69' title='bbox 1172 2731 1296 2814; x_wconf 81' lang='lat' dir='ltr'>graecia</span> 
     </span>
     <span class='ocr_line' id='line_1_16' title="bbox 292 2813 1296 2898; baseline 0.002 -22"><span class='ocrx_word' id='word_1_70' title='bbox 292 2815 443 2876; x_wconf 74' lang='lat' dir='ltr'>carminis</span> <span class='ocrx_word' id='word_1_71' title='bbox 465 2813 591 2876; x_wconf 84' lang='lat' dir='ltr'>heroici</span> <span class='ocrx_word' id='word_1_72' title='bbox 612 2827 646 2876; x_wconf 90' lang='lat' dir='ltr'>et</span> <span class='ocrx_word' id='word_1_73' title='bbox 666 2815 700 2873; x_wconf 92' lang='lat' dir='ltr'>in</span> <span class='ocrx_word' id='word_1_74' title='bbox 716 2813 917 2898; x_wconf 83' lang='lat' dir='ltr'>Anthologia</span> <span class='ocrx_word' id='word_1_75' title='bbox 940 2815 1104 2877; x_wconf 87' lang='lat' dir='ltr'>Planudea</span> <span class='ocrx_word' id='word_1_76' title='bbox 1128 2814 1236 2898; x_wconf 84' lang='lat' dir='ltr'><strong>p.516</strong></span> <span class='ocrx_word' id='word_1_77' title='bbox 1251 2846 1296 2865; x_wconf 89' lang='grc'>-·</span> 
     </span>
     <span class='ocr_line' id='line_1_17' title="bbox 292 2889 1294 2983; baseline -0.002 -19"><span class='ocrx_word' id='word_1_78' title='bbox 292 2899 366 2964; x_wconf 80' lang='grc'><strong>518.</strong></span> <span class='ocrx_word' id='word_1_79' title='bbox 411 2898 532 2960; x_wconf 87' lang='lat' dir='ltr'>Eadem</span> <span class='ocrx_word' id='word_1_80' title='bbox 554 2914 629 2959; x_wconf 86' lang='lat' dir='ltr'>sunt</span> <span class='ocrx_word' id='word_1_81' title='bbox 646 2899 784 2982; x_wconf 85' lang='lat' dir='ltr'>repetita</span> <span class='ocrx_word' id='word_1_82' title='bbox 803 2899 840 2958; x_wconf 85' lang='lat' dir='ltr'>in</span> <span class='ocrx_word' id='word_1_83' title='bbox 853 2889 1046 2983; x_wconf 65' lang='lat' dir='ltr'>&#39;Appendice</span> <span class='ocrx_word' id='word_1_84' title='bbox 1062 2899 1198 2962; x_wconf 85' lang='lat' dir='ltr'>Anthol.</span> <span class='ocrx_word' id='word_1_85' title='bbox 1211 2899 1294 2962; x_wconf 87' lang='lat' dir='ltr'>We·</span> 
     </span>
    </p>

    <p class='ocr_par' dir='ltr' id='par_1_8' title="bbox 255 2981 1292 4000">
     <span class='ocr_line' id='line_1_18' title="bbox 255 2981 1292 3070; baseline -0.001 -25"><span class='ocrx_word' id='word_1_86' title='bbox 255 2997 257 3002; x_wconf 86' lang='lat'>&#39;</span> <span class='ocrx_word' id='word_1_87' title='bbox 291 2981 376 3046; x_wconf 88' lang='lat' dir='ltr'>chel.</span> <span class='ocrx_word' id='word_1_88' title='bbox 387 3005 420 3067; x_wconf 89' lang='lat' dir='ltr'>p.</span> <span class='ocrx_word' id='word_1_89' title='bbox 439 3005 476 3068; x_wconf 86' lang='lat'>19</span> <span class='ocrx_word' id='word_1_90' title='bbox 492 3019 532 3032; x_wconf 92' lang='lat'>--</span> <span class='ocrx_word' id='word_1_91' title='bbox 548 3001 598 3045; x_wconf 81' lang='lat'>21.</span> <span class='ocrx_word' id='word_1_92' title='bbox 613 2999 645 3044; x_wconf 89' lang='lat' dir='ltr'>et</span> <span class='ocrx_word' id='word_1_93' title='bbox 658 2983 693 3042; x_wconf 89' lang='lat' dir='ltr'>in</span> <span class='ocrx_word' id='word_1_94' title='bbox 708 2983 849 3045; x_wconf 87' lang='lat' dir='ltr'>Iacohaii</span> <span class='ocrx_word' id='word_1_95' title='bbox 864 2984 1068 3070; x_wconf 81' lang='lat' dir='ltr'>Anthologia</span> <span class='ocrx_word' id='word_1_96' title='bbox 1077 3007 1190 3070; x_wconf 81' lang='lat' dir='ltr'>graeca</span> <span class='ocrx_word' id='word_1_97' title='bbox 1198 2987 1292 3046; x_wconf 79' lang='lat' dir='ltr'>Toni.</span> 
     </span>
     <span class='ocr_line' id='line_1_19' title="bbox 290 3066 1291 3154; baseline -0.001 -23"><span class='ocrx_word' id='word_1_98' title='bbox 290 3071 317 3131; x_wconf 90' lang='grc' dir='ltr'>Ι.</span> <span class='ocrx_word' id='word_1_99' title='bbox 330 3089 363 3150; x_wconf 89' lang='lat' dir='ltr'>p.</span> <span class='ocrx_word' id='word_1_100' title='bbox 383 3066 439 3154; x_wconf 82' lang='lat'>194</span> <span class='ocrx_word' id='word_1_101' title='bbox 456 3090 521 3154; x_wconf 84' lang='lat' dir='ltr'>sqq.</span> <span class='ocrx_word' id='word_1_102' title='bbox 536 3066 840 3130; x_wconf 66' lang='lat' dir='ltr'>cotrariimrdven.</span> <span class='ocrx_word' id='word_1_103' title='bbox 857 3069 930 3132; x_wconf 90' lang='lat' dir='ltr'>Vol.</span> <span class='ocrx_word' id='word_1_104' title='bbox 947 3071 1020 3132; x_wconf 82' lang='lat' dir='ltr'>1.P.</span> <span class='ocrx_word' id='word_1_105' title='bbox 1037 3083 1158 3152; x_wconf 86' lang='lat' dir='ltr'>poster.</span> <span class='ocrx_word' id='word_1_106' title='bbox 1173 3092 1205 3154; x_wconf 90' lang='lat' dir='ltr'>p.</span> <span class='ocrx_word' id='word_1_107' title='bbox 1219 3090 1291 3154; x_wconf 85' lang='lat'>191.</span> 
     </span>
     <span class='ocr_line' id='line_1_20' title="bbox 289 3153 1290 3238; baseline 0.002 -26"><span class='ocrx_word' id='word_1_108' title='bbox 289 3174 417 3238; x_wconf 58' lang='grc'><strong>0011-</strong></span> <span class='ocrx_word' id='word_1_109' title='bbox 430 3155 483 3214; x_wconf 93' lang='lat' dir='ltr'>De</span> <span class='ocrx_word' id='word_1_110' title='bbox 500 3153 611 3215; x_wconf 88' lang='lat' dir='ltr'>indole</span> <span class='ocrx_word' id='word_1_111' title='bbox 630 3153 747 3215; x_wconf 87' lang='lat' dir='ltr'>horum</span> <span class='ocrx_word' id='word_1_112' title='bbox 763 3154 999 3236; x_wconf 87' lang='lat' dir='ltr'>poematiorum</span> <span class='ocrx_word' id='word_1_113' title='bbox 1015 3153 1099 3216; x_wconf 88' lang='lat' dir='ltr'>hane</span> <span class='ocrx_word' id='word_1_114' title='bbox 1114 3153 1202 3216; x_wconf 82' lang='lat' dir='ltr'>dixit</span> <span class='ocrx_word' id='word_1_115' title='bbox 1216 3176 1290 3216; x_wconf 83' lang='lat' dir='ltr'>oen·</span> 
     </span>
     <span class='ocr_line' id='line_1_21' title="bbox 288 3238 1289 3321; baseline 0.003 -24"><span class='ocrx_word' id='word_1_116' title='bbox 288 3239 423 3298; x_wconf 86' lang='lat' dir='ltr'>tentiam</span> <span class='ocrx_word' id='word_1_117' title='bbox 445 3240 640 3300; x_wconf 81' lang='lat' dir='ltr'>Wartonua:</span> <span class='ocrx_word' id='word_1_118' title='bbox 679 3238 756 3314; x_wconf 89' lang='lat' dir='ltr'>„Ob</span> <span class='ocrx_word' id='word_1_119' title='bbox 779 3253 981 3300; x_wconf 74' lang='lat' dir='ltr'>venustatem</span> <span class='ocrx_word' id='word_1_120' title='bbox 1008 3239 1189 3321; x_wconf 77' lang='lat' dir='ltr'>timplieem</span> <span class='ocrx_word' id='word_1_121' title='bbox 1214 3261 1289 3300; x_wconf 88' lang='lat' dir='ltr'>eum</span> 
     </span>
     <span class='ocr_line' id='line_1_22' title="bbox 287 3322 1288 3406; baseline 0.004 -26"><span class='ocrx_word' id='word_1_122' title='bbox 287 3322 515 3404; x_wconf 82' lang='lat' dir='ltr'>„quibuslibet</span> <span class='ocrx_word' id='word_1_123' title='bbox 542 3324 750 3406; x_wconf 83' lang='lat' dir='ltr'>antiquorum</span> <span class='ocrx_word' id='word_1_124' title='bbox 775 3323 892 3384; x_wconf 90' lang='lat' dir='ltr'>merito</span> <span class='ocrx_word' id='word_1_125' title='bbox 928 3323 1120 3385; x_wconf 87' lang='lat' dir='ltr'>conferendi</span> <span class='ocrx_word' id='word_1_126' title='bbox 1146 3339 1224 3385; x_wconf 80' lang='lat' dir='ltr'>sunt</span> <span class='ocrx_word' id='word_1_127' title='bbox 1251 3323 1288 3384; x_wconf 93' lang='lat' dir='ltr'>hi</span> 
     </span>
     <span class='ocr_line' id='line_1_23' title="bbox 288 3407 1287 3492; baseline 0.003 -26"><span class='ocrx_word' id='word_1_128' title='bbox 288 3409 413 3483; x_wconf 68' lang='lat' dir='ltr'>„laeua</span> <span class='ocrx_word' id='word_1_129' title='bbox 457 3407 491 3468; x_wconf 87' lang='lat' dir='ltr'>Si</span> <span class='ocrx_word' id='word_1_130' title='bbox 515 3408 589 3490; x_wconf 81' lang='lat' dir='ltr'>quio</span> <span class='ocrx_word' id='word_1_131' title='bbox 611 3408 713 3492; x_wconf 83' lang='lat' dir='ltr'>igitur</span> <span class='ocrx_word' id='word_1_132' title='bbox 730 3407 878 3468; x_wconf 87' lang='lat' dir='ltr'>acumine</span> <span class='ocrx_word' id='word_1_133' title='bbox 893 3407 1088 3484; x_wconf 80' lang='lat' dir='ltr'>delectatur,</span> <span class='ocrx_word' id='word_1_134' title='bbox 1120 3409 1221 3491; x_wconf 83' lang='lat' dir='ltr'>idque</span> <span class='ocrx_word' id='word_1_135' title='bbox 1235 3429 1287 3469; x_wconf 83' lang='grc'>10·</span> 
     </span>
     <span class='ocr_line' id='line_1_24' title="bbox 286 3491 1287 3576; baseline 0.004 -27"><span class='ocrx_word' id='word_1_136' title='bbox 286 3495 378 3568; x_wconf 89' lang='lat' dir='ltr'>„lum</span> <span class='ocrx_word' id='word_1_137' title='bbox 400 3492 528 3575; x_wconf 84' lang='lat' dir='ltr'>quaerit</span> <span class='ocrx_word' id='word_1_138' title='bbox 549 3491 582 3551; x_wconf 90' lang='lat' dir='ltr'>in</span> <span class='ocrx_word' id='word_1_139' title='bbox 599 3491 663 3553; x_wconf 92' lang='lat' dir='ltr'>hoc</span> <span class='ocrx_word' id='word_1_140' title='bbox 679 3511 811 3576; x_wconf 80' lang='lat' dir='ltr'>genere,</span> <span class='ocrx_word' id='word_1_141' title='bbox 838 3513 974 3570; x_wconf 87' lang='lat' dir='ltr'>moneo,</span> <span class='ocrx_word' id='word_1_142' title='bbox 997 3514 1130 3575; x_wconf 69' lang='lat' dir='ltr'>prorsus</span> <span class='ocrx_word' id='word_1_143' title='bbox 1144 3507 1287 3576; x_wconf 86' lang='lat' dir='ltr'>praeter-</span> 
     </span>
     <span class='ocr_line' id='line_1_25' title="bbox 285 3575 1287 3660; baseline 0.001 -25"><span class='ocrx_word' id='word_1_144' title='bbox 285 3588 364 3650; x_wconf 89' lang='lat' dir='ltr'>„eat</span> <span class='ocrx_word' id='word_1_145' title='bbox 397 3592 429 3635; x_wconf 89' lang='lat' dir='ltr'>et</span> <span class='ocrx_word' id='word_1_146' title='bbox 464 3575 587 3636; x_wconf 88' lang='lat' dir='ltr'>intacta</span> <span class='ocrx_word' id='word_1_147' title='bbox 616 3576 779 3658; x_wconf 87' lang='lat' dir='ltr'>relinquat</span> <span class='ocrx_word' id='word_1_148' title='bbox 807 3577 1047 3660; x_wconf 84' lang='lat' dir='ltr'>Epigrammata</span> <span class='ocrx_word' id='word_1_149' title='bbox 1080 3577 1287 3640; x_wconf 76' lang='lat' dir='ltr'>Theocriti.“</span> 
     </span>
     <span class='ocr_line' id='line_1_26' title="bbox 283 3659 1285 3746; baseline -0.001 -25"><span class='ocrx_word' id='word_1_150' title='bbox 283 3661 348 3721; x_wconf 82' lang='lat' dir='ltr'>Sex</span> <span class='ocrx_word' id='word_1_151' title='bbox 363 3659 463 3741; x_wconf 88' lang='lat' dir='ltr'>prima</span> <span class='ocrx_word' id='word_1_152' title='bbox 479 3660 725 3744; x_wconf 71' lang='lat' dir='ltr'>Epigrammata!</span> <span class='ocrx_word' id='word_1_153' title='bbox 738 3676 814 3722; x_wconf 81' lang='lat' dir='ltr'>runt</span> <span class='ocrx_word' id='word_1_154' title='bbox 836 3683 876 3722; x_wconf 79' lang='lat' dir='ltr'>ex</span> <span class='ocrx_word' id='word_1_155' title='bbox 895 3684 1011 3746; x_wconf 84' lang='lat' dir='ltr'>genero</span> <span class='ocrx_word' id='word_1_156' title='bbox 1031 3660 1202 3736; x_wconf 67' lang='lat' dir='ltr'>bucolico,</span> <span class='ocrx_word' id='word_1_157' title='bbox 1235 3661 1285 3721; x_wconf 86' lang='lat' dir='ltr'>in-</span> 
     </span>
     <span class='ocr_line' id='line_1_27' title="bbox 282 3743 1286 3848; baseline 0.005 -42"><span class='ocrx_word' id='word_1_158' title='bbox 282 3765 380 3828; x_wconf 78' lang='lat' dir='ltr'>auper</span> <span class='ocrx_word' id='word_1_159' title='bbox 390 3747 531 3848; x_wconf 89' lang='lat' dir='ltr'>primurn</span> <span class='ocrx_word' id='word_1_160' title='bbox 552 3759 584 3804; x_wconf 91' lang='lat' dir='ltr'>et</span> <span class='ocrx_word' id='word_1_161' title='bbox 606 3744 782 3805; x_wconf 82' lang='lat' dir='ltr'>secundum</span> <span class='ocrx_word' id='word_1_162' title='bbox 803 3747 973 3808; x_wconf 84' lang='lat' dir='ltr'>referenda</span> <span class='ocrx_word' id='word_1_163' title='bbox 997 3760 1074 3807; x_wconf 84' lang='lat' dir='ltr'>sunt</span> <span class='ocrx_word' id='word_1_164' title='bbox 1095 3745 1136 3808; x_wconf 92' lang='lat' dir='ltr'>ad</span> <span class='ocrx_word' id='word_1_165' title='bbox 1156 3743 1286 3824; x_wconf 79' lang='grc' dir='ltr'><em>α’ναθη·</em></span> 
     </span>
     <span class='ocr_line' id='line_1_28' title="bbox 281 3830 1283 3916; baseline -0.001 -23"><span class='ocrx_word' id='word_1_166' title='bbox 281 3857 398 3914; x_wconf 77' lang='grc' dir='ltr'><strong><em>ματικα</em></strong></span> <span class='ocrx_word' id='word_1_167' title='bbox 411 3852 469 3892; x_wconf 77' lang='lat' dir='ltr'>seu</span> <span class='ocrx_word' id='word_1_168' title='bbox 482 3834 601 3892; x_wconf 68' lang='lat' dir='ltr'>votiva.</span> <span class='ocrx_word' id='word_1_169' title='bbox 644 3830 689 3889; x_wconf 87' lang='lat' dir='ltr'>Et</span> <span class='ocrx_word' id='word_1_170' title='bbox 705 3830 741 3890; x_wconf 89' lang='lat' dir='ltr'>iu</span> <span class='ocrx_word' id='word_1_171' title='bbox 755 3830 861 3912; x_wconf 89' lang='lat' dir='ltr'>primo</span> <span class='ocrx_word' id='word_1_172' title='bbox 877 3830 1006 3916; x_wconf 86' lang='lat' dir='ltr'>quidem</span> <span class='ocrx_word' id='word_1_173' title='bbox 1021 3847 1118 3914; x_wconf 87' lang='lat' dir='ltr'>poeta</span> <span class='ocrx_word' id='word_1_174' title='bbox 1133 3831 1283 3916; x_wconf 83' lang='lat' dir='ltr'>exponit,</span> 
     </span>
     <span class='ocr_line' id='line_1_29' title="bbox 283 3913 1000 4000; baseline 0 -24"><span class='ocrx_word' id='word_1_175' title='bbox 283 3915 363 4000; x_wconf 90' lang='lat' dir='ltr'>quid</span> <span class='ocrx_word' id='word_1_176' title='bbox 378 3916 483 3977; x_wconf 75' lang='lat' dir='ltr'>Mucia</span> <span class='ocrx_word' id='word_1_177' title='bbox 496 3930 529 3976; x_wconf 91' lang='lat' dir='ltr'>et</span> <span class='ocrx_word' id='word_1_178' title='bbox 546 3913 694 3996; x_wconf 81' lang='lat' dir='ltr'>Apollini</span> <span class='ocrx_word' id='word_1_179' title='bbox 709 3931 837 3977; x_wconf 82' lang='lat' dir='ltr'>voveat.</span> <span class='ocrx_word' id='word_1_180' title='bbox 882 3919 1000 3978; x_wconf 82' lang='lat' dir='ltr'>Kieaal.</span> 
     </span>
    </p>

    <p class='ocr_par' dir='ltr' id='par_1_9' title="bbox 237 3995 1285 4171">
     <span class='ocr_line' id='line_1_30' title="bbox 237 3995 1285 4085; baseline -0.001 -22"><span class='ocrx_word' id='word_1_181' title='bbox 237 3995 271 4063; x_wconf 83' lang='lat' dir='ltr'>ei.</span> <span class='ocrx_word' id='word_1_182' title='bbox 295 4023 322 4064; x_wconf 92' lang='grc'>1.</span> <span class='ocrx_word' id='word_1_183' title='bbox 346 4002 408 4062; x_wconf 90' lang='lat' dir='ltr'>Pro</span> <span class='ocrx_word' id='word_1_184' title='bbox 432 3997 626 4080; x_wconf 67' lang='lat' dir='ltr'>carahrvmeg</span> <span class='ocrx_word' id='word_1_185' title='bbox 650 4000 685 4061; x_wconf 89' lang='lat' dir='ltr'>in</span> <span class='ocrx_word' id='word_1_186' title='bbox 718 3998 796 4062; x_wconf 84' lang='lat' dir='ltr'>edit</span> <span class='ocrx_word' id='word_1_187' title='bbox 819 4003 907 4064; x_wconf 91' lang='lat' dir='ltr'>Flor.</span> <span class='ocrx_word' id='word_1_188' title='bbox 930 4017 963 4064; x_wconf 87' lang='lat' dir='ltr'>et</span> <span class='ocrx_word' id='word_1_189' title='bbox 980 4001 1058 4062; x_wconf 87' lang='lat' dir='ltr'>inde</span> <span class='ocrx_word' id='word_1_190' title='bbox 1079 4000 1113 4060; x_wconf 88' lang='lat' dir='ltr'>in</span> <span class='ocrx_word' id='word_1_191' title='bbox 1135 4000 1285 4085; x_wconf 83' lang='lat' dir='ltr'>margine</span> 
     </span>
     <span class='ocr_line' id='line_1_31' title="bbox 281 4083 1038 4171; baseline -0.001 -26"><span class='ocrx_word' id='word_1_192' title='bbox 281 4085 438 4168; x_wconf 87' lang='lat' dir='ltr'>Stephani</span> <span class='ocrx_word' id='word_1_193' title='bbox 454 4091 535 4146; x_wconf 87' lang='lat' dir='ltr'>male</span> <span class='ocrx_word' id='word_1_194' title='bbox 552 4086 673 4170; x_wconf 85' lang='lat' dir='ltr'>legitur</span> <span class='ocrx_word' id='word_1_195' title='bbox 690 4083 896 4171; x_wconf 72' lang='grc' dir='ltr'>κατάκαρπος.</span> <span class='ocrx_word' id='word_1_196' title='bbox 939 4088 1038 4146; x_wconf 79' lang='lat' dir='ltr'>Harl.</span> 
     </span>
    </p>

    <p class='ocr_par' dir='ltr' id='par_1_10' title="bbox 237 4167 1284 4258">
     <span class='ocr_line' id='line_1_32' title="bbox 237 4167 1284 4258; baseline -0.004 -22"><span class='ocrx_word' id='word_1_197' title='bbox 237 4188 267 4236; x_wconf 81' lang='lat'>2·</span> <span class='ocrx_word' id='word_1_198' title='bbox 290 4171 343 4236; x_wconf 71' lang='lat' dir='ltr'>Fax</span> <span class='ocrx_word' id='word_1_199' title='bbox 359 4175 519 4255; x_wconf 79' lang='lat' dir='ltr'>serpyllo,</span> <span class='ocrx_word' id='word_1_200' title='bbox 541 4167 631 4258; x_wconf 88' lang='lat' dir='ltr'>quod</span> <span class='ocrx_word' id='word_1_201' title='bbox 644 4167 698 4233; x_wconf 87' lang='lat' dir='ltr'>hic</span> <span class='ocrx_word' id='word_1_202' title='bbox 713 4168 860 4236; x_wconf 75' lang='lat' dir='ltr'>videmur</span> <span class='ocrx_word' id='word_1_203' title='bbox 876 4171 984 4233; x_wconf 77' lang='lat' dir='ltr'>Musis</span> <span class='ocrx_word' id='word_1_204' title='bbox 1006 4169 1107 4231; x_wconf 75' lang='lat' dir='ltr'>fuisse</span> <span class='ocrx_word' id='word_1_205' title='bbox 1125 4167 1284 4246; x_wconf 86' lang='lat' dir='ltr'>dicatum,</span> 
     </span>
    </p>
   </div>
   <div class='ocr_carea' id='block_1_7' title="bbox 0 0 1464 5020">
    <p class='ocr_par' dir='ltr' id='par_1_11' title="bbox 0 0 1464 5020">
     <span class='ocr_line' id='line_1_33' title="bbox 0 0 1464 5020; baseline 0 14"><span class='ocrx_word' id='word_1_206' title='bbox 0 0 1464 5020; x_wconf 95' lang='lat' dir='ltr'> </span> 
     </span>
    </p>
   </div>
  </div>
 </body>
</html>
