<?xml version="1.0" encoding="UTF-8"?>
<!DOCTYPE html PUBLIC "-//W3C//DTD XHTML 1.0 Transitional//EN"
    "http://www.w3.org/TR/xhtml1/DTD/xhtml1-transitional.dtd">
<html xmlns="http://www.w3.org/1999/xhtml" xml:lang="en" lang="en">
 <head>
  <title>
</title>
<meta http-equiv="Content-Type" content="text/html;charset=utf-8" />
  <meta name='ocr-system' content='tesseract 3.04.00' />
  <meta name='ocr-capabilities' content='ocr_page ocr_carea ocr_par ocr_line ocrx_word'/>
</head>
<body>
  <div class='ocr_page' id='page_1' title='image "./theocritireliqv00kiesgoog_0700.png"; bbox 0 0 2938 5018; ppageno 0'>
   <div class='ocr_carea' id='block_1_1' title="bbox 270 472 1190 570">
    <p class='ocr_par' dir='ltr' id='par_1_1' title="bbox 270 472 1190 570">
     <span class='ocr_line' id='line_1_1' title="bbox 270 472 1190 570; baseline 0.007 -31"><span class='ocrx_word' id='word_1_1' title='bbox 270 472 578 562; x_wconf 69' lang='lat' dir='ltr'>veunocum</span> <span class='ocrx_word' id='word_1_2' title='bbox 609 474 887 540; x_wconf 81' lang='lat' dir='ltr'>rnrnnron</span> <span class='ocrx_word' id='word_1_3' title='bbox 919 473 1041 542; x_wconf 77' lang='lat' dir='ltr'>xxv.</span> <span class='ocrx_word' id='word_1_4' title='bbox 1100 479 1190 570; x_wconf 62' lang='lat'>5:69²</span> 
     </span>
    </p>
   </div>
   <div class='ocr_carea' id='block_1_2' title="bbox 1 623 1195 2078">
    <p class='ocr_par' dir='ltr' id='par_1_2' title="bbox 1 623 1195 2078">
     <span class='ocr_line' id='line_1_2' title="bbox 1 623 998 739; baseline -0.006 -23"><span class='ocrx_word' id='word_1_5' title='bbox 1 676 14 716; x_wconf 83' lang='lat' dir='ltr'>s</span> <span class='ocrx_word' id='word_1_6' title='bbox 95 647 240 739; x_wconf 65' lang='lat' dir='ltr'>,Quum</span> <span class='ocrx_word' id='word_1_7' title='bbox 253 646 424 726; x_wconf 82' lang='lat' dir='ltr'>viderem,</span> <span class='ocrx_word' id='word_1_8' title='bbox 446 643 605 732; x_wconf 82' lang='lat' dir='ltr'>viresque</span> <span class='ocrx_word' id='word_1_9' title='bbox 617 623 707 712; x_wconf 86' lang='lat' dir='ltr'>illico</span> <span class='ocrx_word' id='word_1_10' title='bbox 721 647 908 734; x_wconf 77' lang='lat' dir='ltr'><strong>experirer.</strong></span> <span class='ocrx_word' id='word_1_11' title='bbox 993 623 998 633; x_wconf 42' lang='lat'>¹</span> 
     </span>
     <span class='ocr_line' id='line_1_3' title="bbox 2 745 1195 844; baseline 0.002 -24"><span class='ocrx_word' id='word_1_12' title='bbox 2 809 6 836; x_wconf 82' lang='grc'><strong>,</strong></span> <span class='ocrx_word' id='word_1_13' title='bbox 121 754 232 842; x_wconf 81' lang='lat' dir='ltr'>Atque</span> <span class='ocrx_word' id='word_1_14' title='bbox 271 749 327 816; x_wconf 90' lang='lat' dir='ltr'>ille</span> <span class='ocrx_word' id='word_1_15' title='bbox 349 745 567 844; x_wconf 14' lang='lat' dir='ltr'>⁸quidemqin</span> <span class='ocrx_word' id='word_1_16' title='bbox 601 771 740 838; x_wconf 83' lang='lat' dir='ltr'>specum</span> <span class='ocrx_word' id='word_1_17' title='bbox 779 769 895 844; x_wconf 28' lang='lat' dir='ltr'>suurn·</span> <span class='ocrx_word' id='word_1_18' title='bbox 912 758 992 814; x_wconf 86' lang='lat' dir='ltr'>ente</span> <span class='ocrx_word' id='word_1_19' title='bbox 1016 771 1195 838; x_wconf 78' lang='lat' dir='ltr'>vesperem</span> 
     </span>
     <span class='ocr_line' id='line_1_4' title="bbox 704 849 790 932; baseline 0 -18"><span class='ocrx_word' id='word_1_20' title='bbox 704 849 790 932; x_wconf 84' lang='lat' dir='ltr'>ibet,</span> 
     </span>
     <span class='ocr_line' id='line_1_5' title="bbox 124 949 948 1042; baseline -0.008 -16"><span class='ocrx_word' id='word_1_21' title='bbox 124 959 244 1027; x_wconf 79' lang='lat' dir='ltr'>Paetus</span> <span class='ocrx_word' id='word_1_22' title='bbox 259 953 417 1022; x_wconf 83' lang='lat' dir='ltr'>carnibus</span> <span class='ocrx_word' id='word_1_23' title='bbox 434 961 468 1018; x_wconf 89' lang='lat' dir='ltr'>et</span> <span class='ocrx_word' id='word_1_24' title='bbox 480 971 615 1033; x_wconf 89' lang='lat' dir='ltr'>cruore,</span> <span class='ocrx_word' id='word_1_25' title='bbox 637 949 833 1042; x_wconf 82' lang='lat' dir='ltr'>circumque</span> <span class='ocrx_word' id='word_1_26' title='bbox 851 951 948 1019; x_wconf 81' lang='lat' dir='ltr'>iubes</span> 
     </span>
     <span class='ocr_line' id='line_1_6' title="bbox 18 1051 1117 1147; baseline 0 -21"><span class='ocrx_word' id='word_1_27' title='bbox 18 1117 20 1128; x_wconf 92' lang='lat'>.</span> <span class='ocrx_word' id='word_1_28' title='bbox 47 1109 49 1115; x_wconf 86' lang='lat'><em>-</em></span> <span class='ocrx_word' id='word_1_29' title='bbox 125 1061 300 1147; x_wconf 74' lang='lat' dir='ltr'>squalidas</span> <span class='ocrx_word' id='word_1_30' title='bbox 315 1055 467 1122; x_wconf 69' lang='lat' dir='ltr'>suedmm</span> <span class='ocrx_word' id='word_1_31' title='bbox 482 1051 627 1119; x_wconf 76' lang='lat' dir='ltr'>habebat</span> <span class='ocrx_word' id='word_1_32' title='bbox 639 1055 757 1135; x_wconf 84' lang='lat' dir='ltr'>caede,</span> <span class='ocrx_word' id='word_1_33' title='bbox 779 1077 981 1142; x_wconf 75' lang='lat' dir='ltr'>suevumque</span> <span class='ocrx_word' id='word_1_34' title='bbox 994 1054 1117 1126; x_wconf 77' lang='lat' dir='ltr'>faciem</span> 
     </span>
     <span class='ocr_line' id='line_1_7' title="bbox 87 1153 988 1250; baseline -0.004 -20"><span class='ocrx_word' id='word_1_35' title='bbox 87 1223 91 1231; x_wconf 92' lang='grc'><em>,</em></span> <span class='ocrx_word' id='word_1_36' title='bbox 115 1161 172 1230; x_wconf 82' lang='lat' dir='ltr'>-Et</span> <span class='ocrx_word' id='word_1_37' title='bbox 185 1173 321 1250; x_wconf 89' lang='lat' dir='ltr'>pectus,</span> <span class='ocrx_word' id='word_1_38' title='bbox 343 1156 526 1244; x_wconf 78' lang='lat' dir='ltr'>linguaque</span> <span class='ocrx_word' id='word_1_39' title='bbox 545 1153 819 1242; x_wconf 87' lang='lat' dir='ltr'>circumlingebnt</span> <span class='ocrx_word' id='word_1_40' title='bbox 834 1156 988 1226; x_wconf 81' lang='lat' dir='ltr'>borbum.</span> 
     </span>
     <span class='ocr_line' id='line_1_8' title="bbox 12 1256 1044 1356; baseline -0.002 -26"><span class='ocrx_word' id='word_1_41' title='bbox 12 1345 14 1356; x_wconf 64' lang='lat'>.</span> <span class='ocrx_word' id='word_1_42' title='bbox 124 1261 244 1349; x_wconf 81' lang='lat' dir='ltr'>Atego</span> <span class='ocrx_word' id='word_1_43' title='bbox 259 1259 438 1327; x_wconf 79' lang='lat' dir='ltr'>fruticibus</span> <span class='ocrx_word' id='word_1_44' title='bbox 453 1256 542 1348; x_wconf 88' lang='lat' dir='ltr'>illico</span> <span class='ocrx_word' id='word_1_45' title='bbox 556 1258 722 1324; x_wconf 78' lang='lat' dir='ltr'>umbrosis</span> <span class='ocrx_word' id='word_1_46' title='bbox 735 1283 791 1324; x_wconf 89' lang='lat' dir='ltr'>rue</span> <span class='ocrx_word' id='word_1_47' title='bbox 805 1261 973 1328; x_wconf 77' lang='lat' dir='ltr'>occultavi</span> <span class='ocrx_word' id='word_1_48' title='bbox 1041 1339 1044 1346; x_wconf 88' lang='lat'>.</span> 
     </span>
     <span class='ocr_line' id='line_1_9' title="bbox 2 1351 1046 1449; baseline 0 -18"><span class='ocrx_word' id='word_1_49' title='bbox 2 1352 5 1369; x_wconf 44' lang='lat'>&#39;¹</span> <span class='ocrx_word' id='word_1_50' title='bbox 124 1365 165 1431; x_wconf 89' lang='lat' dir='ltr'>In</span> <span class='ocrx_word' id='word_1_51' title='bbox 179 1360 354 1428; x_wconf 78' lang='lat' dir='ltr'>cacumine</span> <span class='ocrx_word' id='word_1_52' title='bbox 366 1361 511 1442; x_wconf 86' lang='lat' dir='ltr'>silvoso,</span> <span class='ocrx_word' id='word_1_53' title='bbox 534 1371 727 1447; x_wconf 81' lang='lat' dir='ltr'>exspectans</span> <span class='ocrx_word' id='word_1_54' title='bbox 741 1351 879 1449; x_wconf 85' lang='lat' dir='ltr'>quando</span> <span class='ocrx_word' id='word_1_55' title='bbox 894 1363 1046 1431; x_wconf 85' lang='lat' dir='ltr'>veniret:</span> 
     </span>
     <span class='ocr_line' id='line_1_10' title="bbox 124 1459 1082 1553; baseline 0.002 -20"><span class='ocrx_word' id='word_1_56' title='bbox 124 1465 171 1534; x_wconf 85' lang='lat' dir='ltr'>Et</span> <span class='ocrx_word' id='word_1_57' title='bbox 184 1464 264 1531; x_wconf 88' lang='lat' dir='ltr'>misi</span> <span class='ocrx_word' id='word_1_58' title='bbox 276 1462 429 1552; x_wconf 74' lang='lat' dir='ltr'>sagittam</span> <span class='ocrx_word' id='word_1_59' title='bbox 442 1461 482 1528; x_wconf 88' lang='lat' dir='ltr'>in</span> <span class='ocrx_word' id='word_1_60' title='bbox 493 1459 668 1528; x_wconf 87' lang='lat' dir='ltr'>sinistrum</span> <span class='ocrx_word' id='word_1_61' title='bbox 681 1465 822 1553; x_wconf 89' lang='lat' dir='ltr'>propius</span> <span class='ocrx_word' id='word_1_62' title='bbox 837 1465 1023 1533; x_wconf 79' lang='lat' dir='ltr'>accedenu&#39;s</span> <span class='ocrx_word' id='word_1_63' title='bbox 1038 1469 1082 1535; x_wconf 87' lang='lat' dir='ltr'>ils</span> 
     </span>
     <span class='ocr_line' id='line_1_11' title="bbox 14 1563 1051 1658; baseline -0.002 -20"><span class='ocrx_word' id='word_1_64' title='bbox 14 1607 17 1647; x_wconf 84' lang='grc'>;</span> <span class='ocrx_word' id='word_1_65' title='bbox 124 1567 283 1638; x_wconf 80' lang='lat' dir='ltr'>Frustra:</span> <span class='ocrx_word' id='word_1_66' title='bbox 304 1588 375 1632; x_wconf 85' lang='lat' dir='ltr'>non</span> <span class='ocrx_word' id='word_1_67' title='bbox 393 1564 486 1630; x_wconf 90' lang='lat' dir='ltr'>enim</span> <span class='ocrx_word' id='word_1_68' title='bbox 502 1563 619 1648; x_wconf 71' lang='lat' dir='ltr'>sagitte</span> <span class='ocrx_word' id='word_1_69' title='bbox 633 1585 696 1653; x_wconf 89' lang='lat' dir='ltr'>per</span> <span class='ocrx_word' id='word_1_70' title='bbox 708 1587 845 1636; x_wconf 81' lang='lat' dir='ltr'>camum</span> <span class='ocrx_word' id='word_1_71' title='bbox 858 1567 1051 1658; x_wconf 74' lang='lat' dir='ltr'>penetravit</span> 
     </span>
     <span class='ocr_line' id='line_1_12' title="bbox 125 1665 962 1764; baseline -0.001 -26"><span class='ocrx_word' id='word_1_72' title='bbox 125 1669 250 1752; x_wconf 78' lang='lat' dir='ltr'>Acuta,</span> <span class='ocrx_word' id='word_1_73' title='bbox 271 1668 329 1734; x_wconf 87' lang='lat' dir='ltr'>sed</span> <span class='ocrx_word' id='word_1_74' title='bbox 345 1669 481 1764; x_wconf 72' lang='lat' dir='ltr'>repulse</span> <span class='ocrx_word' id='word_1_75' title='bbox 493 1665 533 1731; x_wconf 90' lang='lat' dir='ltr'>in</span> <span class='ocrx_word' id='word_1_76' title='bbox 547 1665 670 1730; x_wconf 84' lang='lat' dir='ltr'>virides</span> <span class='ocrx_word' id='word_1_77' title='bbox 686 1666 809 1736; x_wconf 75' lang='lat' dir='ltr'>herbas</span> <span class='ocrx_word' id='word_1_78' title='bbox 822 1670 962 1746; x_wconf 84' lang='lat' dir='ltr'>incidit·¹</span> 
     </span>
     <span class='ocr_line' id='line_1_13' title="bbox 127 1769 1119 1868; baseline 0.002 -32"><span class='ocrx_word' id='word_1_79' title='bbox 127 1773 173 1842; x_wconf 82' lang='lat' dir='ltr'>At</span> <span class='ocrx_word' id='word_1_80' title='bbox 186 1771 243 1836; x_wconf 87' lang='lat' dir='ltr'>ille</span> <span class='ocrx_word' id='word_1_81' title='bbox 258 1783 358 1862; x_wconf 82' lang='lat' dir='ltr'>ceput</span> <span class='ocrx_word' id='word_1_82' title='bbox 370 1781 552 1868; x_wconf 82' lang='lat' dir='ltr'>cruentum</span> <span class='ocrx_word' id='word_1_83' title='bbox 565 1777 689 1833; x_wconf 83' lang='lat' dir='ltr'>eterra</span> <span class='ocrx_word' id='word_1_84' title='bbox 705 1769 770 1836; x_wconf 87' lang='lat' dir='ltr'>cito</span> <span class='ocrx_word' id='word_1_85' title='bbox 786 1773 920 1840; x_wconf 75' lang='lat' dir='ltr'>sustulit</span> <span class='ocrx_word' id='word_1_86' title='bbox 1116 1852 1119 1858; x_wconf 23' lang='grc' dir='ltr'>Ι</span> 
     </span>
     <span class='ocr_line' id='line_1_14' title="bbox 72 1867 1103 1967; baseline 0.004 -29"><span class='ocrx_word' id='word_1_87' title='bbox 72 1933 75 1938; x_wconf 91' lang='grc'>,</span> <span class='ocrx_word' id='word_1_88' title='bbox 92 1888 97 1901; x_wconf 84' lang='grc'><strong>’</strong></span> <span class='ocrx_word' id='word_1_89' title='bbox 129 1867 405 1962; x_wconf 69' lang='lat' dir='ltr'>obstupefactus,</span> <span class='ocrx_word' id='word_1_90' title='bbox 427 1883 464 1938; x_wconf 89' lang='lat' dir='ltr'>et</span> <span class='ocrx_word' id='word_1_91' title='bbox 476 1889 749 1967; x_wconf 79' lang='lat' dir='ltr'>quaqueversum</span> <span class='ocrx_word' id='word_1_92' title='bbox 763 1873 972 1939; x_wconf 85' lang='lat' dir='ltr'>circumtulit</span> <span class='ocrx_word' id='word_1_93' title='bbox 986 1876 1103 1942; x_wconf 88' lang='lat' dir='ltr'>oculos</span> 
     </span>
     <span class='ocr_line' id='line_1_15' title="bbox 1 1971 1010 2078; baseline 0.005 -36"><span class='ocrx_word' id='word_1_94' title='bbox 1 2064 7 2078; x_wconf 33' lang='grc'><strong><em>,</em></strong></span> <span class='ocrx_word' id='word_1_95' title='bbox 130 1975 340 2060; x_wconf 79' lang='lat' dir='ltr'>Obserrsus,</span> <span class='ocrx_word' id='word_1_96' title='bbox 361 1977 526 2064; x_wconf 83' lang='lat' dir='ltr'>hiansque</span> <span class='ocrx_word' id='word_1_97' title='bbox 541 1971 711 2056; x_wconf 75' lang='lat' dir='ltr'>terribiles</span> <span class='ocrx_word' id='word_1_98' title='bbox 723 1975 869 2044; x_wconf 78' lang='lat' dir='ltr'>ostendit</span> <span class='ocrx_word' id='word_1_99' title='bbox 881 1975 1010 2047; x_wconf 86' lang='lat' dir='ltr'>dentes.</span> 
     </span>
    </p>
   </div>
   <div class='ocr_carea' id='block_1_3' title="bbox 137 2239 1214 2744">
    <p class='ocr_par' dir='ltr' id='par_1_3' title="bbox 192 2239 1214 2410">
     <span class='ocr_line' id='line_1_16' title="bbox 192 2239 1214 2326; baseline -0.001 -24"><span class='ocrx_word' id='word_1_100' title='bbox 192 2241 258 2303; x_wconf 85' lang='lat' dir='ltr'>rsri</span> <span class='ocrx_word' id='word_1_101' title='bbox 277 2263 381 2326; x_wconf 89' lang='lat' dir='ltr'>posse.</span> <span class='ocrx_word' id='word_1_102' title='bbox 405 2271 447 2292; x_wconf 91' lang='lat'>-·</span> <span class='ocrx_word' id='word_1_103' title='bbox 468 2243 502 2309; x_wconf 76' lang='grc' dir='ltr'>ἐν</span> <span class='ocrx_word' id='word_1_104' title='bbox 523 2239 639 2325; x_wconf 57' lang='lat' dir='ltr'>solun,</span> <span class='ocrx_word' id='word_1_105' title='bbox 666 2253 705 2302; x_wconf 80' lang='lat' dir='ltr'>vt</span> <span class='ocrx_word' id='word_1_106' title='bbox 724 2239 789 2301; x_wconf 82' lang='lat' dir='ltr'>iem</span> <span class='ocrx_word' id='word_1_107' title='bbox 805 2241 984 2302; x_wconf 85' lang='lat' dir='ltr'>Wertonus</span> <span class='ocrx_word' id='word_1_108' title='bbox 1000 2240 1132 2320; x_wconf 81' lang='lat' dir='ltr'>meluit,</span> <span class='ocrx_word' id='word_1_109' title='bbox 1156 2265 1214 2314; x_wconf 72' lang='lat'>0¹.</span> 
     </span>
     <span class='ocr_line' id='line_1_17' title="bbox 194 2321 1199 2410; baseline 0.002 -23"><span class='ocrx_word' id='word_1_110' title='bbox 194 2325 322 2410; x_wconf 88' lang='lat' dir='ltr'>sliquot</span> <span class='ocrx_word' id='word_1_111' title='bbox 338 2324 409 2388; x_wconf 87' lang='lat' dir='ltr'>cdd.</span> <span class='ocrx_word' id='word_1_112' title='bbox 423 2324 761 2408; x_wconf 83' lang='lat' dir='ltr'>receperuntBrunck.</span> <span class='ocrx_word' id='word_1_113' title='bbox 778 2339 812 2387; x_wconf 89' lang='lat' dir='ltr'>et</span> <span class='ocrx_word' id='word_1_114' title='bbox 824 2323 938 2396; x_wconf 74' lang='lat' dir='ltr'>Dant,</span> <span class='ocrx_word' id='word_1_115' title='bbox 961 2321 1113 2408; x_wconf 85' lang='lat' dir='ltr'>idemque</span> <span class='ocrx_word' id='word_1_116' title='bbox 1127 2327 1199 2388; x_wconf 87' lang='lat' dir='ltr'>red·</span> 
     </span>
    </p>

    <p class='ocr_par' dir='ltr' id='par_1_4' title="bbox 137 2407 1200 2744">
     <span class='ocr_line' id='line_1_18' title="bbox 137 2407 1200 2474; baseline 0.003 -3"><span class='ocrx_word' id='word_1_117' title='bbox 137 2423 139 2426; x_wconf 83' lang='grc'><strong>“</strong></span> <span class='ocrx_word' id='word_1_118' title='bbox 196 2409 350 2471; x_wconf 84' lang='lat' dir='ltr'>diderunt</span> <span class='ocrx_word' id='word_1_119' title='bbox 363 2413 389 2472; x_wconf 91' lang='grc' dir='ltr'>Ι.</span> <span class='ocrx_word' id='word_1_120' title='bbox 404 2412 448 2471; x_wconf 88' lang='lat' dir='ltr'>H.</span> <span class='ocrx_word' id='word_1_121' title='bbox 463 2409 597 2471; x_wconf 77' lang='lat' dir='ltr'>Vossius</span> <span class='ocrx_word' id='word_1_122' title='bbox 612 2414 645 2470; x_wconf 86' lang='lat' dir='ltr'>et</span> <span class='ocrx_word' id='word_1_123' title='bbox 663 2407 916 2470; x_wconf 82' lang='lat' dir='ltr'>Bindemsnnus.</span> <span class='ocrx_word' id='word_1_124' title='bbox 950 2407 995 2468; x_wconf 81' lang='lat' dir='ltr'>As</span> <span class='ocrx_word' id='word_1_125' title='bbox 1009 2408 1045 2469; x_wconf 89' lang='lat' dir='ltr'>hi</span> <span class='ocrx_word' id='word_1_126' title='bbox 1058 2408 1125 2469; x_wconf 84' lang='lat' dir='ltr'>viri</span> <span class='ocrx_word' id='word_1_127' title='bbox 1141 2410 1200 2474; x_wconf 84' lang='lat' dir='ltr'>do·</span> 
     </span>
     <span class='ocr_line' id='line_1_19' title="bbox 196 2491 1199 2577; baseline 0.002 -23"><span class='ocrx_word' id='word_1_128' title='bbox 196 2493 243 2554; x_wconf 88' lang='lat' dir='ltr'>cti</span> <span class='ocrx_word' id='word_1_129' title='bbox 258 2515 325 2554; x_wconf 90' lang='lat' dir='ltr'>non</span> <span class='ocrx_word' id='word_1_130' title='bbox 340 2500 521 2555; x_wconf 78' lang='lat' dir='ltr'>attulerunt</span> <span class='ocrx_word' id='word_1_131' title='bbox 530 2496 619 2567; x_wconf 82' lang='lat' dir='ltr'>loce,</span> <span class='ocrx_word' id='word_1_132' title='bbox 644 2491 759 2577; x_wconf 87' lang='lat' dir='ltr'>quibus</span> <span class='ocrx_word' id='word_1_133' title='bbox 778 2491 949 2567; x_wconf 87' lang='lat' dir='ltr'>docerent,</span> <span class='ocrx_word' id='word_1_134' title='bbox 979 2497 1085 2576; x_wconf 76' lang='grc' dir='ltr'><strong><em>τρίβος</em></strong></span> <span class='ocrx_word' id='word_1_135' title='bbox 1101 2495 1199 2556; x_wconf 81' lang='lat' dir='ltr'>etiem</span> 
     </span>
     <span class='ocr_line' id='line_1_20' title="bbox 195 2575 1200 2661; baseline 0.004 -23"><span class='ocrx_word' id='word_1_136' title='bbox 195 2598 312 2661; x_wconf 79' lang='lat' dir='ltr'>genere</span> <span class='ocrx_word' id='word_1_137' title='bbox 333 2577 514 2638; x_wconf 80' lang='lat' dir='ltr'>masculino</span> <span class='ocrx_word' id='word_1_138' title='bbox 543 2576 702 2656; x_wconf 70' lang='lat' dir='ltr'>usurpari.</span> <span class='ocrx_word' id='word_1_139' title='bbox 730 2575 906 2638; x_wconf 87' lang='lat' dir='ltr'>Commode</span> <span class='ocrx_word' id='word_1_140' title='bbox 927 2581 994 2661; x_wconf 61' lang='lat' dir='ltr'>&lt;llos</span> <span class='ocrx_word' id='word_1_141' title='bbox 1017 2577 1200 2642; x_wconf 84' lang='lat' dir='ltr'>dementis</span> 
     </span>
     <span class='ocr_line' id='line_1_21' title="bbox 197 2659 821 2744; baseline -0.005 -23"><span class='ocrx_word' id='word_1_142' title='bbox 197 2660 364 2722; x_wconf 77' lang='lat' dir='ltr'>cacumine</span> <span class='ocrx_word' id='word_1_143' title='bbox 375 2660 547 2744; x_wconf 83' lang='lat' dir='ltr'>accipitur.</span> <span class='ocrx_word' id='word_1_144' title='bbox 590 2659 710 2720; x_wconf 83' lang='lat' dir='ltr'>Kiessl.</span> <span class='ocrx_word' id='word_1_145' title='bbox 818 2665 821 2671; x_wconf 84' lang='lat'>&#39;</span> 
     </span>
    </p>
   </div>
   <div class='ocr_carea' id='block_1_4' title="bbox 155 2759 1203 3020">
    <p class='ocr_par' dir='ltr' id='par_1_5' title="bbox 155 2759 1203 3020">
     <span class='ocr_line' id='line_1_22' title="bbox 155 2759 1203 2849; baseline 0.003 -21"><span class='ocrx_word' id='word_1_146' title='bbox 155 2761 218 2830; x_wconf 78' lang='lat'>230</span> <span class='ocrx_word' id='word_1_147' title='bbox 238 2797 282 2813; x_wconf 92' lang='lat'><em>-</em></span> <span class='ocrx_word' id='word_1_148' title='bbox 303 2759 375 2827; x_wconf 73' lang='lat'>232·</span> <span class='ocrx_word' id='word_1_149' title='bbox 400 2759 553 2845; x_wconf 71' lang='grc' dir='ltr'>Τηῦσίως]</span> <span class='ocrx_word' id='word_1_150' title='bbox 576 2763 638 2822; x_wconf 87' lang='lat' dir='ltr'>Est</span> <span class='ocrx_word' id='word_1_151' title='bbox 659 2784 726 2822; x_wconf 83' lang='lat' dir='ltr'>vox</span> <span class='ocrx_word' id='word_1_152' title='bbox 745 2762 920 2824; x_wconf 79' lang='lat' dir='ltr'>Homerios</span> <span class='ocrx_word' id='word_1_153' title='bbox 941 2778 973 2826; x_wconf 88' lang='lat' dir='ltr'>et</span> <span class='ocrx_word' id='word_1_154' title='bbox 996 2787 1054 2848; x_wconf 88' lang='lat' dir='ltr'>pro</span> <span class='ocrx_word' id='word_1_155' title='bbox 1068 2759 1203 2849; x_wconf 74' lang='grc' dir='ltr'><strong><em>μᾶεαιον</em></strong></span> 
     </span>
     <span class='ocr_line' id='line_1_23' title="bbox 198 2844 1198 2934; baseline 0.003 -23"><span class='ocrx_word' id='word_1_156' title='bbox 198 2847 329 2934; x_wconf 84' lang='lat' dir='ltr'>proprie</span> <span class='ocrx_word' id='word_1_157' title='bbox 342 2859 523 2930; x_wconf 72' lang='lat' dir='ltr'>usurpetur.</span> <span class='ocrx_word' id='word_1_158' title='bbox 540 2868 570 2908; x_wconf 85' lang='lat' dir='ltr'>r.</span> <span class='ocrx_word' id='word_1_159' title='bbox 587 2844 694 2908; x_wconf 82' lang='lat' dir='ltr'>Clark.</span> <span class='ocrx_word' id='word_1_160' title='bbox 715 2844 755 2908; x_wconf 86' lang='lat' dir='ltr'>ed</span> <span class='ocrx_word' id='word_1_161' title='bbox 772 2847 903 2909; x_wconf 89' lang='lat' dir='ltr'>Homer.</span> <span class='ocrx_word' id='word_1_162' title='bbox 920 2847 1036 2932; x_wconf 84' lang='lat' dir='ltr'>Odyss.</span> <span class='ocrx_word' id='word_1_163' title='bbox 1051 2854 1109 2912; x_wconf 91' lang='lat' dir='ltr'>Ill.</span> <span class='ocrx_word' id='word_1_164' title='bbox 1126 2849 1198 2918; x_wconf 81' lang='lat'>516.</span> 
     </span>
     <span class='ocr_line' id='line_1_24' title="bbox 199 2927 1202 3020; baseline 0.016 -38"><span class='ocrx_word' id='word_1_165' title='bbox 199 2969 243 2982; x_wconf 91' lang='lat'>...</span> <span class='ocrx_word' id='word_1_166' title='bbox 258 2933 315 2996; x_wconf 72' lang='lat' dir='ltr'>v..</span> <span class='ocrx_word' id='word_1_167' title='bbox 334 2952 381 3015; x_wconf 65' lang='lat' dir='ltr'>sq,</span> <span class='ocrx_word' id='word_1_168' title='bbox 404 2933 489 2994; x_wconf 81' lang='lat' dir='ltr'>lunt.</span> <span class='ocrx_word' id='word_1_169' title='bbox 514 2927 660 3017; x_wconf 61' lang='grc' dir='ltr'>όκρυόεν,</span> <span class='ocrx_word' id='word_1_170' title='bbox 689 2951 770 3016; x_wconf 86' lang='lat' dir='ltr'>quse</span> <span class='ocrx_word' id='word_1_171' title='bbox 791 2931 955 2994; x_wconf 83' lang='lat' dir='ltr'>scribendi</span> <span class='ocrx_word' id='word_1_172' title='bbox 980 2933 1202 3020; x_wconf 80' lang='lat' dir='ltr'>retioim&#39;pro·</span> 
     </span>
    </p>
   </div>
   <div class='ocr_carea' id='block_1_5' title="bbox 196 3013 1202 3172">
    <p class='ocr_par' dir='ltr' id='par_1_6' title="bbox 196 3013 1202 3172">
     <span class='ocr_line' id='line_1_25' title="bbox 196 3013 1202 3102; baseline 0.002 -22"><span class='ocrx_word' id='word_1_173' title='bbox 196 3019 300 3080; x_wconf 84' lang='lat' dir='ltr'>batur.</span> <span class='ocrx_word' id='word_1_174' title='bbox 315 3052 359 3066; x_wconf 94' lang='lat'><em>-</em></span> <span class='ocrx_word' id='word_1_175' title='bbox 374 3015 428 3078; x_wconf 87' lang='lat' dir='ltr'>Vs.</span> <span class='ocrx_word' id='word_1_176' title='bbox 445 3013 516 3080; x_wconf 76' lang='lat'>252.</span> <span class='ocrx_word' id='word_1_177' title='bbox 528 3015 670 3079; x_wconf 82' lang='lat' dir='ltr'>Bruuok.</span> <span class='ocrx_word' id='word_1_178' title='bbox 686 3013 819 3102; x_wconf 75' lang='grc' dir='ltr'>ἐπάειρε·</span> <span class='ocrx_word' id='word_1_179' title='bbox 841 3015 897 3079; x_wconf 86' lang='lat' dir='ltr'>sed</span> <span class='ocrx_word' id='word_1_180' title='bbox 918 3017 993 3082; x_wconf 86' lang='lat' dir='ltr'>vide</span> <span class='ocrx_word' id='word_1_181' title='bbox 1009 3019 1139 3082; x_wconf 88' lang='lat' dir='ltr'>Ernesti</span> <span class='ocrx_word' id='word_1_182' title='bbox 1160 3019 1202 3083; x_wconf 85' lang='lat' dir='ltr'>sd</span> 
     </span>
     <span class='ocr_line' id='line_1_26' title="bbox 199 3101 532 3172; baseline -0.015 -6"><span class='ocrx_word' id='word_1_183' title='bbox 199 3101 293 3166; x_wconf 80' lang='lat' dir='ltr'>Iliad.</span> <span class='ocrx_word' id='word_1_184' title='bbox 312 3129 344 3172; x_wconf 80' lang='lat' dir='ltr'>rs.</span> <span class='ocrx_word' id='word_1_185' title='bbox 358 3119 385 3163; x_wconf 79' lang='lat'>2.</span> <span class='ocrx_word' id='word_1_186' title='bbox 433 3102 532 3162; x_wconf 83' lang='lat' dir='ltr'>Harl.</span> 
     </span>
    </p>
   </div>
   <div class='ocr_carea' id='block_1_6' title="bbox 112 3201 1251 4305">
    <p class='ocr_par' dir='ltr' id='par_1_7' title="bbox 112 3201 1204 3710">
     <span class='ocr_line' id='line_1_27' title="bbox 157 3201 1202 3290; baseline -0.002 -16"><span class='ocrx_word' id='word_1_187' title='bbox 157 3203 229 3274; x_wconf 74' lang='lat'>255.</span> <span class='ocrx_word' id='word_1_188' title='bbox 252 3203 323 3270; x_wconf 76' lang='lat'>234.</span> <span class='ocrx_word' id='word_1_189' title='bbox 345 3206 516 3286; x_wconf 70' lang='grc' dir='ltr'>διέδραμεν.</span> <span class='ocrx_word' id='word_1_190' title='bbox 531 3201 716 3290; x_wconf 75' lang='lat' dir='ltr'>corrigitur</span> <span class='ocrx_word' id='word_1_191' title='bbox 729 3203 764 3264; x_wconf 85' lang='lat' dir='ltr'>in</span> <span class='ocrx_word' id='word_1_192' title='bbox 780 3202 829 3265; x_wconf 87' lang='lat' dir='ltr'>cd.</span> <span class='ocrx_word' id='word_1_193' title='bbox 845 3203 932 3267; x_wconf 86' lang='lat' dir='ltr'>Flor.</span> <span class='ocrx_word' id='word_1_194' title='bbox 949 3207 1120 3290; x_wconf 63' lang='lat' dir='ltr'>tetresse,</span> <span class='ocrx_word' id='word_1_195' title='bbox 1142 3209 1202 3272; x_wconf 80' lang='lat' dir='ltr'>sic·</span> 
     </span>
     <span class='ocr_line' id='line_1_28' title="bbox 202 3283 1203 3374; baseline 0.004 -24"><span class='ocrx_word' id='word_1_196' title='bbox 202 3309 265 3374; x_wconf 88' lang='lat' dir='ltr'>que</span> <span class='ocrx_word' id='word_1_197' title='bbox 288 3289 354 3350; x_wconf 90' lang='lat' dir='ltr'>duo</span> <span class='ocrx_word' id='word_1_198' title='bbox 375 3287 447 3350; x_wconf 88' lang='lat' dir='ltr'>cdd.</span> <span class='ocrx_word' id='word_1_199' title='bbox 471 3287 557 3372; x_wconf 76' lang='lat' dir='ltr'>opud</span> <span class='ocrx_word' id='word_1_200' title='bbox 573 3287 735 3350; x_wconf 70' lang='lat' dir='ltr'>GuisFord.</span> <span class='ocrx_word' id='word_1_201' title='bbox 764 3286 854 3350; x_wconf 85' lang='lat' dir='ltr'>Idem</span> <span class='ocrx_word' id='word_1_202' title='bbox 868 3283 920 3351; x_wconf 73' lang='lat' dir='ltr'>vir</span> <span class='ocrx_word' id='word_1_203' title='bbox 936 3287 1050 3351; x_wconf 87' lang='lat' dir='ltr'>doctus</span> <span class='ocrx_word' id='word_1_204' title='bbox 1066 3291 1203 3354; x_wconf 81' lang='lat' dir='ltr'>similem</span> 
     </span>
     <span class='ocr_line' id='line_1_29' title="bbox 112 3373 1204 3456; baseline 0.005 -23"><span class='ocrx_word' id='word_1_205' title='bbox 112 3409 116 3418; x_wconf 58' lang='grc' dir='ltr'><em>ι</em></span> <span class='ocrx_word' id='word_1_206' title='bbox 197 3401 200 3407; x_wconf 93' lang='grc'><strong><em>·</em></strong></span> <span class='ocrx_word' id='word_1_207' title='bbox 224 3373 362 3435; x_wconf 83' lang='lat' dir='ltr'>uendem</span> <span class='ocrx_word' id='word_1_208' title='bbox 386 3373 670 3435; x_wconf 73' lang='lat' dir='ltr'>commutationem</span> <span class='ocrx_word' id='word_1_209' title='bbox 691 3374 820 3436; x_wconf 81' lang='lat' dir='ltr'>noterit</span> <span class='ocrx_word' id='word_1_210' title='bbox 843 3373 879 3435; x_wconf 88' lang='lat' dir='ltr'>in</span> <span class='ocrx_word' id='word_1_211' title='bbox 899 3373 1027 3436; x_wconf 79' lang='lat' dir='ltr'>Pindon.</span> <span class='ocrx_word' id='word_1_212' title='bbox 1047 3377 1144 3456; x_wconf 87' lang='lat' dir='ltr'>Pyth.</span> <span class='ocrx_word' id='word_1_213' title='bbox 1162 3378 1204 3438; x_wconf 89' lang='lat'>11.</span> 
     </span>
     <span class='ocr_line' id='line_1_30' title="bbox 114 3395 1202 3539; baseline -0.001 -16"><span class='ocrx_word' id='word_1_214' title='bbox 114 3487 120 3494; x_wconf 90' lang='grc'><em>·</em></span> <span class='ocrx_word' id='word_1_215' title='bbox 200 3395 252 3523; x_wconf 66' lang='grc'>88.</span> <span class='ocrx_word' id='word_1_216' title='bbox 272 3458 329 3519; x_wconf 80' lang='lat' dir='ltr'>vbi</span> <span class='ocrx_word' id='word_1_217' title='bbox 347 3457 415 3520; x_wconf 81' lang='lat' dir='ltr'>vid.</span> <span class='ocrx_word' id='word_1_218' title='bbox 435 3459 544 3539; x_wconf 85' lang='lat' dir='ltr'>Heyn.</span> <span class='ocrx_word' id='word_1_219' title='bbox 575 3459 689 3517; x_wconf 81' lang='lat' dir='ltr'>Kiesel.</span> <span class='ocrx_word' id='word_1_220' title='bbox 719 3491 763 3508; x_wconf 85' lang='lat'><em>-</em></span> <span class='ocrx_word' id='word_1_221' title='bbox 791 3457 880 3520; x_wconf 88' lang='lat' dir='ltr'>Vers.</span> <span class='ocrx_word' id='word_1_222' title='bbox 906 3455 978 3522; x_wconf 78' lang='lat'>254.</span> <span class='ocrx_word' id='word_1_223' title='bbox 1003 3459 1144 3523; x_wconf 89' lang='lat' dir='ltr'>Bruuok.</span> <span class='ocrx_word' id='word_1_224' title='bbox 1169 3475 1202 3522; x_wconf 90' lang='lat' dir='ltr'>et</span> 
     </span>
     <span class='ocr_line' id='line_1_31' title="bbox 200 3541 1202 3646; baseline -0.001 -40"><span class='ocrx_word' id='word_1_225' title='bbox 200 3541 356 3606; x_wconf 80' lang='lat' dir='ltr'>Valcken.</span> <span class='ocrx_word' id='word_1_226' title='bbox 373 3563 445 3604; x_wconf 88' lang='lat' dir='ltr'>rece</span> <span class='ocrx_word' id='word_1_227' title='bbox 470 3557 565 3604; x_wconf 84' lang='lat' dir='ltr'>eruut</span> <span class='ocrx_word' id='word_1_228' title='bbox 576 3541 750 3605; x_wconf 87' lang='lat' dir='ltr'>lectionem</span> <span class='ocrx_word' id='word_1_229' title='bbox 767 3541 860 3604; x_wconf 83' lang='lat' dir='ltr'>codd.</span> <span class='ocrx_word' id='word_1_230' title='bbox 875 3542 948 3604; x_wconf 78' lang='lat' dir='ltr'>vat.</span> <span class='ocrx_word' id='word_1_231' title='bbox 969 3559 1002 3604; x_wconf 91' lang='lat' dir='ltr'>et</span> <span class='ocrx_word' id='word_1_232' title='bbox 1015 3545 1101 3605; x_wconf 89' lang='lat' dir='ltr'>Flor.</span> <span class='ocrx_word' id='word_1_233' title='bbox 1117 3544 1202 3646; x_wconf 71' lang='lat' dir='ltr'>(qui-</span> 
     </span>
     <span class='ocr_line' id='line_1_32' title="bbox 200 3565 1202 3710; baseline 0.004 -22"><span class='ocrx_word' id='word_1_234' title='bbox 200 3625 262 3688; x_wconf 85' lang='lat' dir='ltr'>bus</span> <span class='ocrx_word' id='word_1_235' title='bbox 276 3625 433 3688; x_wconf 82' lang='lat' dir='ltr'>secedunt</span> <span class='ocrx_word' id='word_1_236' title='bbox 446 3565 513 3688; x_wconf 69' lang='lat' dir='ltr'>duo</span> <span class='ocrx_word' id='word_1_237' title='bbox 528 3625 614 3709; x_wconf 85' lang='lat' dir='ltr'>epud</span> <span class='ocrx_word' id='word_1_238' title='bbox 624 3625 786 3690; x_wconf 84' lang='lat' dir='ltr'>Gaisford.</span> <span class='ocrx_word' id='word_1_239' title='bbox 802 3623 968 3710; x_wconf 88' lang='lat' dir='ltr'>inquibus</span> <span class='ocrx_word' id='word_1_240' title='bbox 982 3645 1031 3690; x_wconf 89' lang='lat' dir='ltr'>est</span> <span class='ocrx_word' id='word_1_241' title='bbox 1046 3627 1095 3694; x_wconf 79' lang='grc' dir='ltr'>ὑπ’</span> <span class='ocrx_word' id='word_1_242' title='bbox 1113 3626 1202 3696; x_wconf 75' lang='lat' dir='ltr'>oris-</span> 
     </span>
    </p>

    <p class='ocr_par' dir='ltr' id='par_1_8' title="bbox 129 3709 1251 4305">
     <span class='ocr_line' id='line_1_33' title="bbox 129 3709 1251 3798; baseline -0.003 -20"><span class='ocrx_word' id='word_1_243' title='bbox 129 3737 138 3762; x_wconf 75' lang='lat'>·=</span> <span class='ocrx_word' id='word_1_244' title='bbox 200 3737 256 3788; x_wconf 82' lang='grc' dir='ltr'>τας</span> <span class='ocrx_word' id='word_1_245' title='bbox 270 3709 402 3794; x_wconf 55' lang='grc' dir='ltr'>ἔφαινε)</span> <span class='ocrx_word' id='word_1_246' title='bbox 424 3731 483 3795; x_wconf 89' lang='lat' dir='ltr'>pro</span> <span class='ocrx_word' id='word_1_247' title='bbox 505 3716 637 3794; x_wconf 83' lang='lat' dir='ltr'>vulgatu</span> <span class='ocrx_word' id='word_1_248' title='bbox 657 3711 809 3790; x_wconf 68' lang='grc' dir='ltr'>ὑπέδειξεν</span> <span class='ocrx_word' id='word_1_249' title='bbox 824 3709 970 3788; x_wconf 68' lang='grc' dir='ltr'>ὀδόντας.</span> <span class='ocrx_word' id='word_1_250' title='bbox 1001 3735 1094 3798; x_wconf 84' lang='lat' dir='ltr'>quam</span> <span class='ocrx_word' id='word_1_251' title='bbox 1117 3727 1204 3775; x_wconf 86' lang='lat' dir='ltr'>recte</span> <span class='ocrx_word' id='word_1_252' title='bbox 1240 3769 1251 3794; x_wconf 80' lang='grc'><strong><em>,</em></strong></span> 
     </span>
     <span class='ocr_line' id='line_1_34' title="bbox 203 3793 1204 3878; baseline 0.001 -20"><span class='ocrx_word' id='word_1_253' title='bbox 203 3810 316 3858; x_wconf 84' lang='lat' dir='ltr'>censet</span> <span class='ocrx_word' id='word_1_254' title='bbox 334 3793 434 3856; x_wconf 84' lang='lat' dir='ltr'>Dshl.</span> <span class='ocrx_word' id='word_1_255' title='bbox 455 3815 521 3857; x_wconf 85' lang='lat' dir='ltr'>esse</span> <span class='ocrx_word' id='word_1_256' title='bbox 544 3795 843 3878; x_wconf 75' lang='lat' dir='ltr'>interpretationem</span> <span class='ocrx_word' id='word_1_257' title='bbox 884 3797 1024 3858; x_wconf 87' lang='lat' dir='ltr'>euuinee</span> <span class='ocrx_word' id='word_1_258' title='bbox 1039 3797 1204 3859; x_wconf 88' lang='lat' dir='ltr'>lectionis.</span> 
     </span>
     <span class='ocr_line' id='line_1_35' title="bbox 202 3818 1206 3969; baseline -0.002 -26"><span class='ocrx_word' id='word_1_259' title='bbox 202 3880 390 3943; x_wconf 77' lang='lat' dir='ltr'>Brunetius</span> <span class='ocrx_word' id='word_1_260' title='bbox 410 3901 451 3941; x_wconf 83' lang='lat' dir='ltr'>ex</span> <span class='ocrx_word' id='word_1_261' title='bbox 477 3879 550 3942; x_wconf 83' lang='lat' dir='ltr'>MS·</span> <span class='ocrx_word' id='word_1_262' title='bbox 573 3877 648 3942; x_wconf 75' lang='lat' dir='ltr'>Vnt.</span> <span class='ocrx_word' id='word_1_263' title='bbox 669 3881 803 3964; x_wconf 84' lang='lat' dir='ltr'>insuper</span> <span class='ocrx_word' id='word_1_264' title='bbox 825 3818 916 3942; x_wconf 58' lang='lat' dir='ltr'>dedit</span> <span class='ocrx_word' id='word_1_265' title='bbox 938 3874 1078 3969; x_wconf 74' lang='lat' dir='ltr'>lopvpd,</span> <span class='ocrx_word' id='word_1_266' title='bbox 1117 3879 1206 3964; x_wconf 85' lang='lat' dir='ltr'>quod</span> 
     </span>
     <span class='ocr_line' id='line_1_36' title="bbox 204 3963 1205 4048; baseline 0.001 -22"><span class='ocrx_word' id='word_1_267' title='bbox 204 3963 319 4026; x_wconf 81' lang='lat' dir='ltr'>anck.</span> <span class='ocrx_word' id='word_1_268' title='bbox 338 3963 509 4048; x_wconf 80' lang='lat' dir='ltr'>improbet.</span> <span class='ocrx_word' id='word_1_269' title='bbox 538 3965 719 4026; x_wconf 83' lang='lat' dir='ltr'>Wartonns</span> <span class='ocrx_word' id='word_1_270' title='bbox 740 3986 807 4026; x_wconf 89' lang='lat' dir='ltr'>non</span> <span class='ocrx_word' id='word_1_271' title='bbox 828 3970 932 4027; x_wconf 89' lang='lat' dir='ltr'>solum</span> <span class='ocrx_word' id='word_1_272' title='bbox 951 3981 1114 4048; x_wconf 76' lang='lat' dir='ltr'>comperet</span> <span class='ocrx_word' id='word_1_273' title='bbox 1135 3967 1205 4027; x_wconf 87' lang='lat' dir='ltr'>Ho-</span> 
     </span>
     <span class='ocr_line' id='line_1_37' title="bbox 204 4046 1209 4132; baseline 0.003 -22"><span class='ocrx_word' id='word_1_274' title='bbox 204 4069 282 4110; x_wconf 89' lang='lat' dir='ltr'>mer.</span> <span class='ocrx_word' id='word_1_275' title='bbox 302 4048 397 4111; x_wconf 85' lang='lat' dir='ltr'>Ilied.</span> <span class='ocrx_word' id='word_1_276' title='bbox 418 4049 493 4110; x_wconf 86' lang='lat' dir='ltr'>XX.</span> <span class='ocrx_word' id='word_1_277' title='bbox 516 4046 585 4112; x_wconf 85' lang='lat'>168.</span> <span class='ocrx_word' id='word_1_278' title='bbox 612 4062 645 4109; x_wconf 87' lang='lat' dir='ltr'>et</span> <span class='ocrx_word' id='word_1_279' title='bbox 667 4047 764 4132; x_wconf 81' lang='lat' dir='ltr'>ldyll.</span> <span class='ocrx_word' id='word_1_280' title='bbox 789 4049 845 4112; x_wconf 90' lang='lat' dir='ltr'>VI.</span> <span class='ocrx_word' id='word_1_281' title='bbox 868 4047 920 4114; x_wconf 83' lang='lat'>58.</span> <span class='ocrx_word' id='word_1_282' title='bbox 943 4047 1116 4110; x_wconf 79' lang='lat' dir='ltr'>sedetiam</span> <span class='ocrx_word' id='word_1_283' title='bbox 1135 4071 1209 4113; x_wconf 82' lang='lat' dir='ltr'>voc.</span> 
     </span>
     <span class='ocr_line' id='line_1_38' title="bbox 204 4129 1210 4219; baseline 0.003 -26"><span class='ocrx_word' id='word_1_284' title='bbox 204 4132 341 4218; x_wconf 77' lang='grc' dir='ltr'><strong><em>λαμυρός</em></strong></span> <span class='ocrx_word' id='word_1_285' title='bbox 360 4133 517 4207; x_wconf 83' lang='lat' dir='ltr'>illustret,</span> <span class='ocrx_word' id='word_1_286' title='bbox 549 4131 722 4218; x_wconf 76' lang='lat' dir='ltr'>laudatque</span> <span class='ocrx_word' id='word_1_287' title='bbox 741 4133 876 4195; x_wconf 86' lang='lat' dir='ltr'>Arneldi</span> <span class='ocrx_word' id='word_1_288' title='bbox 891 4157 937 4219; x_wconf 81' lang='lat' dir='ltr'>gr.</span> <span class='ocrx_word' id='word_1_289' title='bbox 949 4139 1040 4197; x_wconf 84' lang='lat' dir='ltr'>lectt.</span> <span class='ocrx_word' id='word_1_290' title='bbox 1054 4129 1158 4194; x_wconf 85' lang='lat' dir='ltr'>XIII.¹</span> <span class='ocrx_word' id='word_1_291' title='bbox 1174 4156 1210 4216; x_wconf 87' lang='lat' dir='ltr'>p.</span> 
     </span>
     <span class='ocr_line' id='line_1_39' title="bbox 204 4215 1210 4305; baseline -0.001 -23"><span class='ocrx_word' id='word_1_292' title='bbox 204 4217 257 4305; x_wconf 80' lang='lat'>89.</span> <span class='ocrx_word' id='word_1_293' title='bbox 273 4235 313 4284; x_wconf 79' lang='lat' dir='ltr'>-st</span> <span class='ocrx_word' id='word_1_294' title='bbox 333 4215 516 4282; x_wconf 81' lang='lat' dir='ltr'>Hsmsterlr.</span> <span class='ocrx_word' id='word_1_295' title='bbox 536 4215 578 4279; x_wconf 82' lang='lat' dir='ltr'>sd</span> <span class='ocrx_word' id='word_1_296' title='bbox 598 4215 715 4281; x_wconf 80' lang='lat' dir='ltr'>Thou.</span> <span class='ocrx_word' id='word_1_297' title='bbox 736 4219 889 4304; x_wconf 81' lang='lat' dir='ltr'>Magistr.</span> <span class='ocrx_word' id='word_1_298' title='bbox 913 4239 947 4302; x_wconf 88' lang='lat' dir='ltr'>p.</span> <span class='ocrx_word' id='word_1_299' title='bbox 962 4215 1034 4283; x_wconf 82' lang='lat'>568.</span> <span class='ocrx_word' id='word_1_300' title='bbox 1072 4218 1210 4282; x_wconf 83' lang='lat' dir='ltr'>Omnem</span> 
     </span>
    </p>
   </div>
   <div class='ocr_carea' id='block_1_7' title="bbox 725 4302 837 4373">
    <p class='ocr_par' dir='ltr' id='par_1_9' title="bbox 725 4302 837 4373">
     <span class='ocr_line' id='line_1_40' title="bbox 725 4302 837 4373; baseline -0.045 0"><span class='ocrx_word' id='word_1_301' title='bbox 725 4302 837 4373; x_wconf 69' lang='grc' dir='ltr'>ΧΗ</span> 
     </span>
    </p>
   </div>
   <div class='ocr_carea' id='block_1_8' title="bbox 342 4404 351 4438">
    <p class='ocr_par' dir='ltr' id='par_1_10' title="bbox 342 4404 351 4438">
     <span class='ocr_line' id='line_1_41' title="bbox 342 4404 351 4438; baseline 0 0"><span class='ocrx_word' id='word_1_302' title='bbox 342 4404 351 4438; x_wconf 85' lang='lat' dir='ltr'>l</span> 
     </span>
    </p>
   </div>
   <div class='ocr_carea' id='block_1_9' title="bbox 0 0 1498 5018">
    <p class='ocr_par' dir='ltr' id='par_1_11' title="bbox 0 0 1498 5018">
     <span class='ocr_line' id='line_1_42' title="bbox 0 0 1498 5018; baseline 0 0"><span class='ocrx_word' id='word_1_303' title='bbox 0 0 1498 5018; x_wconf 95' lang='lat' dir='ltr'> </span> 
     </span>
    </p>
   </div>
  </div>
 </body>
</html>
