2942 5014
471 403 902 508 ierrrrrArrMArA.
1152 449 1213 531 789

144 605 340 682 euasere,
363 627 508 676 aeneum
525 629 602 674 eum
619 631 777 697 provere

232 709 311 774 Tibi
327 709 381 772 hic
397 709 563 789 dicarunt,

143 809 216 904 Qui
230 812 267 876 in
282 810 363 876 vrbe
379 810 627 900 Syracusarum
642 813 792 879 habitant
805 813 1016 899 Pelorenses,·

228 913 276 980 Vt
290 913 363 978 viro
377 914 535 1001 populari

145 1015 355 1100 (Thesauros
372 1016 462 1081 enim
478 1015 622 1082 habebat
638 1017 850 1103 divitiarum)
865 1041 1031 1086 memores

232 1119 471 1206 Rependerent
484 1119 687 1187 mercedem.

141 1221 252 1288 Multa
265 1221 357 1286 euim
372 1222 415 1289 ad
434 1223 537 1287 vitam
555 1245 679 1309 pueros
694 1223 806 1290 docuit
820 1222 933 1292 uilia:

230 1324 355 1409 Mag'ua
367 1324 418 1389 illi
433 1325 540 1412 gratia
555 1325 704 1392 debetur.

149 1477 350 1496 m

209 1571 326 1652 ῥᾳδίως
339 1567 401 1636 οὔτ’
412 1568 452 1634 ἄν
465 1571 649 1655 ἱδρυθέντας
672 1597 731 1638 που
745 1565 967 1652 ἕξαναστῆσειε.
981 1606 1025 1622 -
1037 1570 1077 1632 V.
1090 1562 1119 1632 6.
1134 1565 1203 1636 i'os'

204 1653 294 1737 ἆνδρὶ
310 1655 382 1718 Vnt.
397 1663 428 1720 oi
447 1691 490 1705 -··
507 1663 629 1723 πολῖται
649 1659 791 1720 1000-
808 1659 895 1718 Cous
914 1659 998 1729 fuit,
1028 1655 1081 1716 aed
1104 1675 1202 1738 quum
1232 1657 1239 1672 '

207 1739 377 1802 trimestris
393 1740 426 1798 iu
443 1741 585 1802 Siciliam
600 1759 682 1804 essct
696 1743 834 1818 delatus,
861 1763 917 1822 pro
935 1731 1136 1822 S'pracusano
1153 1752 1202 1800 est

204 1823 350 1891 habitus.
371 1825 474 1910 Diog.
486 1829 593 1888 Laert.
615 1827 767 1908 v111.78.
785 1850 818 1910 p.
836 1825 907 1912 539.
923 1861 964 1872 --
981 1827 1069 1892 vers.
1086 1847 1115 1907 7.
1131 1840 1201 1888 ver·

205 1909 246 1970 ba
269 1907 372 1994 σωρόν
391 1946 434 1958 -
454 1935 544 1994 χρημ.
558 1911 714 1972 Roiskius
736 1934 808 1972 curu
830 1913 992 1994 Scaligero
1016 1909 1200 1972 etSchotto

202 1995 307 2078 signis
326 1993 555 2078 parentheseos
576 1997 711 2057 inclusit
726 2011 759 2057 et
779 2019 838 2078 pro
856 1999 910 2055 vul
935 2013 986 2056 ato
1003 1995 1202 2079 prorops'omc

206 2077 297 2140 dedit
315 2083 519 2164 μεμναμένοι.
548 2104 628 2164 quos
652 2081 738 2142 viros
754 2103 825 2142 curn
844 2019 1056 2142 valcheuarso
1072 2075 1201 2178 sequuti

205 2185 325 2227 sumus.
338 2167 548 2247 μεμναμὲνους
559 2169 630 2226 vat.
647 2181 775 2250 tresque
789 2167 846 2226 alii
862 2187 912 2248 ap.
929 2159 1087 2225 Guisford.
1104 2160 1198 2222 simi·
1274 2199 1282 2220 .

201 2248 245 2312 lis
260 2248 429 2310 diversitas
452 2264 501 2310 est
521 2249 607 2333 apud
623 2250 750 2310 Pindar.
769 2249 899 2352 Olymp.
920 2249 946 2308 I.
971 2250 1017 2311 16.
1038 2251 1199 2328 ἱκομείοις·

205 2336 376 2416 ἱκομένους·
396 2330 542 2416 insperso·
565 2369 606 2380 -
626 2335 766 2396 Locutio
791 2361 889 2418 σωρος
905 2331 1097 2418 χρημάτωνἰ
1112 2331 1200 2390 dlvi-

205 2423 327 2479 tiarum
347 2419 507 2495 thesauri,
538 2419 675 2480 forsitan
696 2421 797 2504 petita
815 2435 916 2483 estex
934 2416 1098 2505 Aristoph.
1113 2414 1199 2478 Plut.

208 2503 282 2646 263.
297 2508 401 2582 δηλοῖς
421 2501 479 2590 peip
498 2502 591 2569 αὐτόν
605 2505 688 2582 ἥκειν
710 2503 809 2586 σωρόν
824 2501 987 2590 χρημάτων
1002 2504 1120 2590 ἔχοντα.
1144 2497 1200 2561 vbi

203 2588 242 2650 vi
266 2589 440 2671 eBergler.
463 2589 609 2671 Toupius
627 2604 738 2671 putat,
760 2589 956 2673 Epicharmo
971 2601 1107 2650 statuum
1124 2585 1201 2644 dua·

202 2671 265 2732 bus
289 2669 328 2734 de
351 2673 454 2734 causis
474 2674 573 2734 fuisse
593 2675 751 2756 positam,
781 2675 909 2758 prima,⁴
932 2673 1019 2760 quod
1040 2673 1127 2734 cives
1144 2691 1199 2755 pe·

205 2759 305 2818 cunia
319 2779 375 2818 sua
390 2757 605 2833 sublevasset,
631 2763 745 2834 altera,
777 2759 865 2844 quod
880 2756 1137 2821 adolescentibus
1151 2755 1200 2814 vi·

142 2843 147 2854 '
207 2841 260 2902 'tae
280 2857 366 2904 recte
388 2841 605 2903 instituendae
621 2859 789 2926 praecepta
810 2843 959 2906 dedisset.
989 2841 1136 2904 Iacobsio
1150 2839 1199 2900 di-

137 2997 143 3008 ,
205 2927 361 2988 vitiatum
376 2926 564 3010 Epicharmi
581 2930 841 2990 commemoratio
857 2948 979 3012 semper
993 2927 1031 2988 ab
1046 2927 1109 2988 hoc
1124 2930 1199 2987 loco

208 3011 316 3072 aliena
331 3011 396 3072 fuit
411 3011 498 3086 τίεις
523 3011 601 3072 hinc
617 3013 757 3095 praefert
773 3013 946 3074 lectionem
960 3011 1032 3074 cod.
1047 3013 1120 3074 Vat.
1137 3037 1200 3078 uor-

203 3092 258 3179 ρόν
279 3099 342 3181 εἶχε
365 3094 522 3178 ῥημάτων.
538 3097 584 3160 Vt
606 3097 692 3159 enim
716 3097 740 3156 ii
761 3097 817 3202 spui
841 3097 938 3158 bonis
951 3095 1084 3159 malisve
1101 3095 1201 3156 abun·

207 3183 303 3257 dent,
333 3179 433 3264 σωρόν
449 3177 577 3268 α’γαθῶν
596 3198 629 3244 et
646 3181 748 3249 seroie
762 3209 840 3268 εχειν
858 3180 1012 3249 dicuutur
1030 3178 1115 3263 apud
1128 3178 1201 3242 Ari·

205 3265 314 3348 stoph.
329 3267 364 3326 in
379 3269 467 3335 Plut.
484 3285 555 3350 270·
579 3281 611 3330 et
627 3275 711 3349 870,
728 3267 776 3328 sic
792 3288 864 3330 cum
889 3267 945 3350 qui
964 3265 1067 3328 verbis
1087 3279 1120 3328 ct
1134 3268 1200 3326 elo·

206 3351 341 3449 quentia
357 3356 510 3434 polleret,
536 3349 636 3435 σωρόν
651 3349 794 3436 ῥημάτων
809 3351 926 3413 habere
945 3371 1013 3412 non
1028 3351 1139 3434 inepte
1152 3347 1201 3410 di-

201 3457 244 3497 cs.
264 3470 307 3486 -
325 3435 364 3498 V.
376 3435 405 3500 8.
427 3439 536 3520 Etym.
558 3439 606 3498 M.
629 3457 655 3497 c.
671 3435 743 3516 567.
765 3456 813 3516 27·
839 3440 998 3521 ἐπίχειρα,
1028 3443 1059 3504 οἱ
1078 3439 1202 3516 μισθοῖ.

76 3573 100 3590 ,
207 3521 294 3584 conf.
309 3520 468 3583 Schaefer.
485 3519 524 3581 ad
538 3523 579 3586 L.
596 3522 668 3584 Bos.
683 3523 796 3604 Ellips.
811 3543 842 3604 p.
857 3519 929 3585 304.
973 3523 1089 3582 Kiessl.

166 3623 197 3692 9.
222 3601 319 3669 πολλαὶ
344 3611 397 3672 καὶ
426 3628 486 3689 pro
507 3633 540 3670 π.
563 3603 621 3692 poio
645 3627 685 3666 ex
713 3606 837 3688 Toupii
860 3604 1046 3668 coniectura
1071 3605 1201 3688 scripsit

209 3688 351 3751 Brunck.
368 3723 409 3740 -
426 3688 505 3767 ζόαν,
527 3707 649 3752 veteres
663 3689 734 3752 edd.
750 3705 847 3751 recte.
861 3689 926 3754 vid.
937 3691 1070 3754 Porson.
1084 3687 1125 3748 ad
1134 3691 1201 3748 Eu·

207 3771 306 3854 ripirl.
335 3774 413 3838 Hoc.
434 3771 523 3858 1098.
542 3781 641 3858 vulgo
662 3797 734 3836 eum
750 3775 914 3857 Stephano
927 3775 1017 3850 ζωάν.
1049 3775 1109 3832 Pro
1124 3797 1201 3838 παι-

209 3863 260 3926 σὶν
280 3855 340 3918 Cd.
362 3859 434 3918 Vat.
462 3861 558 3924 πᾶσιν
578 3859 683 3920 habet.
712 3859 876 3920 Iacobsius
895 3859 942 3919 sie
963 3855 1002 3919 de
1025 3856 1089 3917 hoc
1110 3859 1203 3919 loco:

212 3942 410 4022 ‚,Heiusius,
435 3943 565 4026 quihoc
580 3942 743 4005 distichon
759 3945 883 4026 profert
898 3943 933 4002 in
943 3939 1069 4004 Notad
1084 3941 1200 4006 Horat.

211 4049 245 4112 p.
265 4027 343 4106 157„
360 4028 498 4088 comicos
506 4041 538 4086 et
551 4029 689 4112 tragicos
697 4024 1201 4111 posusooasrdtoocappellstos

213 4132 282 4174 esre
297 4111 361 4188 ait,
393 4113 478 4193 qood
491 4133 605 4191 pueros
629 4111 732 4171 multa
752 4113 913 4173 advitam
932 4114 1028 4172 utilia
1044 4111 1185 4171 docerent

212 4195 249 4258 iu
264 4217 328 4282 quo
345 4197 475 4283 egregie
491 4197 626 4260 fallitur.
649 4198 813 4259 Formasse
827 4197 938 4281 potius
953 4194 1075 4257 dicitur
1088 4217 1203 4280 puero·
