<?xml version="1.0" encoding="UTF-8"?>
<!DOCTYPE html PUBLIC "-//W3C//DTD XHTML 1.0 Transitional//EN"
    "http://www.w3.org/TR/xhtml1/DTD/xhtml1-transitional.dtd">
<html xmlns="http://www.w3.org/1999/xhtml" xml:lang="en" lang="en">
 <head>
  <title>
</title>
<meta http-equiv="Content-Type" content="text/html;charset=utf-8" />
  <meta name='ocr-system' content='tesseract 3.04.00' />
  <meta name='ocr-capabilities' content='ocr_page ocr_carea ocr_par ocr_line ocrx_word'/>
</head>
<body>
  <div class='ocr_page' id='page_1' title='image "./theocritireliqv00kiesgoog_0535.png"; bbox 0 0 2962 5020; ppageno 0'>
   <div class='ocr_carea' id='block_1_1' title="bbox 568 1645 1192 1728">
    <p class='ocr_par' dir='ltr' id='par_1_1' title="bbox 568 1645 1192 1728">
     <span class='ocr_line' id='line_1_1' title="bbox 568 1645 1192 1728; baseline -0.006 -2"><span class='ocrx_word' id='word_1_1' title='bbox 568 1645 1082 1728; x_wconf 74' lang='lat' dir='ltr'><strong>ARGVMEN&#39;I&#39;VM</strong></span> <span class='ocrx_word' id='word_1_2' title='bbox 1187 1647 1192 1657; x_wconf 86' lang='lat'>&#39;</span> 
     </span>
    </p>
   </div>
   <div class='ocr_carea' id='block_1_2' title="bbox 655 1885 997 1949">
    <p class='ocr_par' dir='ltr' id='par_1_2' title="bbox 655 1885 997 1949">
     <span class='ocr_line' id='line_1_2' title="bbox 655 1885 997 1949; baseline 0.006 -2"><span class='ocrx_word' id='word_1_3' title='bbox 655 1885 873 1949; x_wconf 85' lang='lat' dir='ltr'><strong>lDYLLII</strong></span> <span class='ocrx_word' id='word_1_4' title='bbox 916 1885 997 1949; x_wconf 87' lang='lat' dir='ltr'><strong>XX.</strong></span> 
     </span>
    </p>
   </div>
   <div class='ocr_carea' id='block_1_3' title="bbox 278 2181 1351 4286">
    <p class='ocr_par' dir='ltr' id='par_1_3' title="bbox 278 2181 1351 4286">
     <span class='ocr_line' id='line_1_3' title="bbox 300 2181 1351 2274; baseline -0.002 -25"><span class='ocrx_word' id='word_1_5' title='bbox 300 2259 307 2274; x_wconf 17' lang='grc' dir='ltr'><strong>ι,</strong></span> <span class='ocrx_word' id='word_1_6' title='bbox 384 2187 485 2249; x_wconf 77' lang='lat' dir='ltr'><strong>Poeta</strong></span> <span class='ocrx_word' id='word_1_7' title='bbox 501 2195 662 2266; x_wconf 72' lang='lat' dir='ltr'><strong>pastorem</strong></span> <span class='ocrx_word' id='word_1_8' title='bbox 680 2181 807 2248; x_wconf 82' lang='lat' dir='ltr'><strong>inducit</strong></span> <span class='ocrx_word' id='word_1_9' title='bbox 822 2183 862 2246; x_wconf 88' lang='lat' dir='ltr'><strong>dc</strong></span> <span class='ocrx_word' id='word_1_10' title='bbox 877 2195 1042 2248; x_wconf 82' lang='lat' dir='ltr'><strong>contemtu</strong></span> <span class='ocrx_word' id='word_1_11' title='bbox 1063 2197 1097 2244; x_wconf 86' lang='lat' dir='ltr'><strong>ct</strong></span> <span class='ocrx_word' id='word_1_12' title='bbox 1118 2181 1265 2262; x_wconf 79' lang='lat' dir='ltr'><strong>fastidio,</strong></span> <span class='ocrx_word' id='word_1_13' title='bbox 1289 2205 1351 2270; x_wconf 85' lang='lat' dir='ltr'><strong>quo</strong></span> 
     </span>
     <span class='ocr_line' id='line_1_4' title="bbox 299 2275 1350 2390; baseline -0.003 -20"><span class='ocrx_word' id='word_1_14' title='bbox 299 2275 419 2371; x_wconf 72' lang='lat' dir='ltr'><strong>¹vrbanu</strong></span> <span class='ocrx_word' id='word_1_15' title='bbox 430 2305 539 2387; x_wconf 84' lang='lat' dir='ltr'><strong>puella</strong></span> <span class='ocrx_word' id='word_1_16' title='bbox 550 2275 722 2364; x_wconf 71' lang='lat' dir='ltr'><strong>blanditias</strong></span> <span class='ocrx_word' id='word_1_17' title='bbox 734 2324 808 2364; x_wconf 83' lang='lat' dir='ltr'><strong>auaa</strong></span> <span class='ocrx_word' id='word_1_18' title='bbox 822 2304 987 2379; x_wconf 79' lang='lat' dir='ltr'><strong>reiecerat,</strong></span> <span class='ocrx_word' id='word_1_19' title='bbox 998 2303 1138 2390; x_wconf 78' lang='lat' dir='ltr'><strong>graviter</strong></span> <span class='ocrx_word' id='word_1_20' title='bbox 1151 2326 1350 2388; x_wconf 84' lang='lat' dir='ltr'><strong>conqueren-</strong></span> 
     </span>
     <span class='ocr_line' id='line_1_5' title="bbox 297 2419 1350 2507; baseline -0.004 -19"><span class='ocrx_word' id='word_1_21' title='bbox 297 2441 373 2491; x_wconf 78' lang='lat' dir='ltr'><strong>tem.</strong></span> <span class='ocrx_word' id='word_1_22' title='bbox 395 2421 501 2484; x_wconf 85' lang='lat' dir='ltr'><strong>Cauca</strong></span> <span class='ocrx_word' id='word_1_23' title='bbox 515 2420 604 2483; x_wconf 83' lang='lat' dir='ltr'><strong>illiua</strong></span> <span class='ocrx_word' id='word_1_24' title='bbox 616 2419 740 2484; x_wconf 72' lang='lat' dir='ltr'><strong>fastidii</strong></span> <span class='ocrx_word' id='word_1_25' title='bbox 754 2441 895 2506; x_wconf 73' lang='lat' dir='ltr'><strong>suaeque</strong></span> <span class='ocrx_word' id='word_1_26' title='bbox 909 2421 1147 2507; x_wconf 79' lang='lat' dir='ltr'><strong>indignationis</strong></span> <span class='ocrx_word' id='word_1_27' title='bbox 1155 2424 1350 2506; x_wconf 77' lang='lat' dir='ltr'><strong>exposita-</strong></span> 
     </span>
     <span class='ocr_line' id='line_1_6' title="bbox 298 2539 1349 2629; baseline -0.001 -24"><span class='ocrx_word' id='word_1_28' title='bbox 298 2541 350 2614; x_wconf 65' lang='lat'><strong>18.</strong></span> <span class='ocrx_word' id='word_1_29' title='bbox 360 2564 455 2629; x_wconf 83' lang='lat' dir='ltr'><strong>quam</strong></span> <span class='ocrx_word' id='word_1_30' title='bbox 470 2539 630 2603; x_wconf 81' lang='lat' dir='ltr'><strong>immerito</strong></span> <span class='ocrx_word' id='word_1_31' title='bbox 638 2555 763 2625; x_wconf 82' lang='lat' dir='ltr'><strong>aprctua</strong></span> <span class='ocrx_word' id='word_1_32' title='bbox 771 2541 825 2617; x_wconf 84' lang='lat' dir='ltr'><strong>ait,</strong></span> <span class='ocrx_word' id='word_1_33' title='bbox 836 2539 1042 2618; x_wconf 81' lang='lat' dir='ltr'><strong>demonstrat,</strong></span> <span class='ocrx_word' id='word_1_34' title='bbox 1053 2563 1153 2627; x_wconf 87' lang='lat' dir='ltr'><strong>quum</strong></span> <span class='ocrx_word' id='word_1_35' title='bbox 1168 2563 1227 2604; x_wconf 85' lang='lat' dir='ltr'><strong>nec</strong></span> <span class='ocrx_word' id='word_1_36' title='bbox 1242 2541 1349 2605; x_wconf 84' lang='lat' dir='ltr'><strong>defor-</strong></span> 
     </span>
     <span class='ocr_line' id='line_1_7' title="bbox 294 2658 1347 2746; baseline -0.005 -19"><span class='ocrx_word' id='word_1_37' title='bbox 294 2664 356 2727; x_wconf 80' lang='lat' dir='ltr'><strong>mia</strong></span> <span class='ocrx_word' id='word_1_38' title='bbox 369 2663 432 2738; x_wconf 78' lang='lat' dir='ltr'><strong>cit,</strong></span> <span class='ocrx_word' id='word_1_39' title='bbox 455 2681 516 2724; x_wconf 82' lang='lat' dir='ltr'><strong>uec</strong></span> <span class='ocrx_word' id='word_1_40' title='bbox 527 2672 591 2720; x_wconf 84' lang='lat' dir='ltr'><strong>tam</strong></span> <span class='ocrx_word' id='word_1_41' title='bbox 604 2658 747 2722; x_wconf 83' lang='lat' dir='ltr'><strong>abiectae</strong></span> <span class='ocrx_word' id='word_1_42' title='bbox 763 2658 961 2723; x_wconf 69' lang='lat' dir='ltr'><strong>conditionis</strong></span> <span class='ocrx_word' id='word_1_43' title='bbox 976 2660 1093 2739; x_wconf 87' lang='lat' dir='ltr'><strong>homo,</strong></span> <span class='ocrx_word' id='word_1_44' title='bbox 1118 2662 1238 2746; x_wconf 82' lang='lat' dir='ltr'><strong>quippe</strong></span> <span class='ocrx_word' id='word_1_45' title='bbox 1255 2682 1347 2746; x_wconf 86' lang='lat' dir='ltr'><strong>quam</strong></span> 
     </span>
     <span class='ocr_line' id='line_1_8' title="bbox 293 2751 1349 2866; baseline -0.001 -23"><span class='ocrx_word' id='word_1_46' title='bbox 293 2781 358 2848; x_wconf 89' lang='lat' dir='ltr'><strong>Dii</strong></span> <span class='ocrx_word' id='word_1_47' title='bbox 381 2781 538 2862; x_wconf 75' lang='lat' dir='ltr'>Deaeque</span> <span class='ocrx_word' id='word_1_48' title='bbox 560 2775 688 2864; x_wconf 81' lang='lat' dir='ltr'><strong>dignam</strong></span> <span class='ocrx_word' id='word_1_49' title='bbox 713 2778 901 2856; x_wconf 79' lang='lat' dir='ltr'>habuerint,</span> <span class='ocrx_word' id='word_1_50' title='bbox 936 2780 971 2841; x_wconf 89' lang='lat' dir='ltr'><strong>in</strong></span> <span class='ocrx_word' id='word_1_51' title='bbox 993 2801 1055 2864; x_wconf 82' lang='lat' dir='ltr'><strong>qua</strong></span> <span class='ocrx_word' id='word_1_52' title='bbox 1076 2799 1199 2842; x_wconf 84' lang='lat' dir='ltr'><strong>amorca</strong></span> <span class='ocrx_word' id='word_1_53' title='bbox 1223 2751 1349 2866; x_wconf 80' lang='lat' dir='ltr'><strong>quaere·</strong></span> 
     </span>
     <span class='ocr_line' id='line_1_9' title="bbox 292 2873 1349 2983; baseline 0.001 -23"><span class='ocrx_word' id='word_1_54' title='bbox 292 2873 377 2970; x_wconf 56' lang='lat' dir='ltr'><strong>cont.</strong></span> <span class='ocrx_word' id='word_1_55' title='bbox 398 2931 441 2947; x_wconf 92' lang='lat'>-</span> <span class='ocrx_word' id='word_1_56' title='bbox 469 2897 643 2958; x_wconf 83' lang='lat' dir='ltr'><strong>Auctorem</strong></span> <span class='ocrx_word' id='word_1_57' title='bbox 670 2897 768 2958; x_wconf 77' lang='lat' dir='ltr'><strong>huius</strong></span> <span class='ocrx_word' id='word_1_58' title='bbox 797 2898 946 2961; x_wconf 70' lang='lat' dir='ltr'><strong>carminis</strong></span> <span class='ocrx_word' id='word_1_59' title='bbox 975 2899 1143 2962; x_wconf 81' lang='lat' dir='ltr'><strong>Theocriti</strong></span> <span class='ocrx_word' id='word_1_60' title='bbox 1173 2898 1349 2983; x_wconf 84' lang='lat' dir='ltr'>Cyclopem</span> 
     </span>
     <span class='ocr_line' id='line_1_10' title="bbox 293 3013 1348 3100; baseline -0.002 -20"><span class='ocrx_word' id='word_1_61' title='bbox 293 3033 370 3081; x_wconf 77' lang='lat' dir='ltr'><strong>ute</strong></span> <span class='ocrx_word' id='word_1_62' title='bbox 384 3021 495 3079; x_wconf 85' lang='lat' dir='ltr'><strong>oculoa</strong></span> <span class='ocrx_word' id='word_1_63' title='bbox 509 3013 669 3092; x_wconf 69' lang='lat' dir='ltr'><strong>habuisse,</strong></span> <span class='ocrx_word' id='word_1_64' title='bbox 693 3030 726 3076; x_wconf 83' lang='lat' dir='ltr'><strong>ot</strong></span> <span class='ocrx_word' id='word_1_65' title='bbox 743 3031 886 3100; x_wconf 83' lang='lat' dir='ltr'><strong>apertum</strong></span> <span class='ocrx_word' id='word_1_66' title='bbox 899 3032 947 3080; x_wconf 79' lang='lat' dir='ltr'><strong>cat</strong></span> <span class='ocrx_word' id='word_1_67' title='bbox 962 3032 995 3080; x_wconf 83' lang='lat' dir='ltr'><strong>ot</strong></span> <span class='ocrx_word' id='word_1_68' title='bbox 1005 3019 1135 3080; x_wconf 87' lang='lat' dir='ltr'><strong>monuit</strong></span> <span class='ocrx_word' id='word_1_69' title='bbox 1146 3017 1279 3095; x_wconf 79' lang='lat' dir='ltr'><strong>Mauso,</strong></span> <span class='ocrx_word' id='word_1_70' title='bbox 1295 3019 1348 3080; x_wconf 89' lang='lat' dir='ltr'><strong>cui</strong></span> 
     </span>
     <span class='ocr_line' id='line_1_11' title="bbox 290 3131 1350 3219; baseline -0.001 -19"><span class='ocrx_word' id='word_1_71' title='bbox 290 3159 367 3200; x_wconf 83' lang='lat' dir='ltr'><strong>oum</strong></span> <span class='ocrx_word' id='word_1_72' title='bbox 386 3135 459 3197; x_wconf 78' lang='lat' dir='ltr'><strong>aliia</strong></span> <span class='ocrx_word' id='word_1_73' title='bbox 479 3131 613 3197; x_wconf 76' lang='lat' dir='ltr'><strong>Moschi</strong></span> <span class='ocrx_word' id='word_1_74' title='bbox 635 3131 670 3194; x_wconf 86' lang='lat' dir='ltr'><strong>id</strong></span> <span class='ocrx_word' id='word_1_75' title='bbox 691 3157 760 3198; x_wconf 83' lang='lat' dir='ltr'><strong>ease</strong></span> <span class='ocrx_word' id='word_1_76' title='bbox 787 3158 853 3199; x_wconf 88' lang='lat' dir='ltr'><strong>non</strong></span> <span class='ocrx_word' id='word_1_77' title='bbox 875 3135 1085 3219; x_wconf 84' lang='lat' dir='ltr'><strong>improbabile</strong></span> <span class='ocrx_word' id='word_1_78' title='bbox 1104 3136 1244 3200; x_wconf 82' lang='lat' dir='ltr'><strong>videtur.</strong></span> <span class='ocrx_word' id='word_1_79' title='bbox 1297 3135 1350 3199; x_wconf 75' lang='lat' dir='ltr'><strong>Ad</strong></span> 
     </span>
     <span class='ocr_line' id='line_1_12' title="bbox 291 3253 1350 3337; baseline -0.002 -15"><span class='ocrx_word' id='word_1_80' title='bbox 291 3253 468 3322; x_wconf 69' lang='lat' dir='ltr'><strong>Moschum</strong></span> <span class='ocrx_word' id='word_1_81' title='bbox 482 3268 645 3315; x_wconf 75' lang='lat' dir='ltr'><strong>auctorem</strong></span> <span class='ocrx_word' id='word_1_82' title='bbox 656 3255 770 3316; x_wconf 83' lang='lat' dir='ltr'><strong>retulit</strong></span> <span class='ocrx_word' id='word_1_83' title='bbox 792 3256 854 3317; x_wconf 83' lang='lat' dir='ltr'><strong>icm</strong></span> <span class='ocrx_word' id='word_1_84' title='bbox 869 3256 914 3317; x_wconf 92' lang='lat' dir='ltr'><strong>D.</strong></span> <span class='ocrx_word' id='word_1_85' title='bbox 929 3253 1086 3318; x_wconf 76' lang='lat' dir='ltr'>Heinsius</span> <span class='ocrx_word' id='word_1_86' title='bbox 1106 3258 1230 3337; x_wconf 83' lang='lat' dir='ltr'><strong>(Lectt.</strong></span> <span class='ocrx_word' id='word_1_87' title='bbox 1244 3258 1350 3320; x_wconf 87' lang='lat' dir='ltr'><strong>Theo·</strong></span> 
     </span>
     <span class='ocr_line' id='line_1_13' title="bbox 290 3357 1346 3459; baseline 0.002 -23"><span class='ocrx_word' id='word_1_88' title='bbox 290 3374 365 3438; x_wconf 84' lang='lat' dir='ltr'><strong>orit.</strong></span> <span class='ocrx_word' id='word_1_89' title='bbox 385 3395 418 3458; x_wconf 83' lang='lat' dir='ltr'><strong>p.</strong></span> <span class='ocrx_word' id='word_1_90' title='bbox 435 3370 506 3459; x_wconf 78' lang='lat'><strong>294.</strong></span> <span class='ocrx_word' id='word_1_91' title='bbox 527 3375 596 3455; x_wconf 67' lang='lat' dir='ltr'><strong>a),</strong></span> <span class='ocrx_word' id='word_1_92' title='bbox 632 3357 725 3434; x_wconf 71' lang='lat' dir='ltr'><strong>cuiun</strong></span> <span class='ocrx_word' id='word_1_93' title='bbox 753 3372 912 3435; x_wconf 88' lang='lat' dir='ltr'><strong>iudicium</strong></span> <span class='ocrx_word' id='word_1_94' title='bbox 934 3375 1081 3457; x_wconf 74' lang='lat' dir='ltr'><strong>coquitur</strong></span> <span class='ocrx_word' id='word_1_95' title='bbox 1104 3375 1346 3454; x_wconf 75' lang='lat' dir='ltr'><strong>Valckenarius,</strong></span> 
     </span>
     <span class='ocr_line' id='line_1_14' title="bbox 291 3471 1349 3580; baseline 0.003 -26"><span class='ocrx_word' id='word_1_96' title='bbox 291 3471 351 3580; x_wconf 80' lang='lat' dir='ltr'><strong>¹qui</strong></span> <span class='ocrx_word' id='word_1_97' title='bbox 371 3508 477 3554; x_wconf 84' lang='lat' dir='ltr'><strong>tamen</strong></span> <span class='ocrx_word' id='word_1_98' title='bbox 497 3507 735 3576; x_wconf 77' lang='lat' dir='ltr'><strong>argumentum,</strong></span> <span class='ocrx_word' id='word_1_99' title='bbox 770 3515 834 3578; x_wconf 91' lang='lat' dir='ltr'><strong>quo</strong></span> <span class='ocrx_word' id='word_1_100' title='bbox 854 3491 917 3554; x_wconf 88' lang='lat' dir='ltr'><strong>hoc</strong></span> <span class='ocrx_word' id='word_1_101' title='bbox 937 3493 1122 3576; x_wconf 81' lang='lat' dir='ltr'><strong>poemation</strong></span> <span class='ocrx_word' id='word_1_102' title='bbox 1144 3495 1294 3577; x_wconf 82' lang='lat' dir='ltr'><strong>Toupius</strong></span> <span class='ocrx_word' id='word_1_103' title='bbox 1312 3495 1349 3557; x_wconf 83' lang='lat' dir='ltr'><strong>iu</strong></span> 
     </span>
     <span class='ocr_line' id='line_1_15' title="bbox 289 3599 1346 3697; baseline 0.001 -23"><span class='ocrx_word' id='word_1_104' title='bbox 289 3608 440 3694; x_wconf 80' lang='lat' dir='ltr'><strong>Appcnd.</strong></span> <span class='ocrx_word' id='word_1_105' title='bbox 462 3609 576 3671; x_wconf 82' lang='lat' dir='ltr'><strong>Notat.</strong></span> <span class='ocrx_word' id='word_1_106' title='bbox 599 3611 634 3671; x_wconf 87' lang='lat' dir='ltr'><strong>iu</strong></span> <span class='ocrx_word' id='word_1_107' title='bbox 654 3609 751 3694; x_wconf 82' lang='lat' dir='ltr'><strong>Idyll.</strong></span> <span class='ocrx_word' id='word_1_108' title='bbox 763 3611 837 3672; x_wconf 91' lang='lat' dir='ltr'><strong>VII.</strong></span> <span class='ocrx_word' id='word_1_109' title='bbox 854 3633 901 3697; x_wconf 86' lang='lat'><strong>19·</strong></span> <span class='ocrx_word' id='word_1_110' title='bbox 918 3611 956 3671; x_wconf 81' lang='lat' dir='ltr'><strong>ab</strong></span> <span class='ocrx_word' id='word_1_111' title='bbox 971 3599 1147 3674; x_wconf 77' lang='lat' dir='ltr'><strong>Theocrito</strong></span> <span class='ocrx_word' id='word_1_112' title='bbox 1170 3612 1346 3692; x_wconf 86' lang='lat' dir='ltr'><strong>abiudicat,</strong></span> 
     </span>
     <span class='ocr_line' id='line_1_16' title="bbox 289 3719 1348 3827; baseline 0.004 -36"><span class='ocrx_word' id='word_1_113' title='bbox 289 3719 324 3792; x_wconf 68' lang='lat' dir='ltr'><strong>ct</strong></span> <span class='ocrx_word' id='word_1_114' title='bbox 346 3726 410 3814; x_wconf 68' lang='lat' dir='ltr'><strong>&#39;quc</strong></span> <span class='ocrx_word' id='word_1_115' title='bbox 429 3727 524 3790; x_wconf 77' lang='lat' dir='ltr'><strong>ctiam</strong></span> <span class='ocrx_word' id='word_1_116' title='bbox 545 3729 701 3827; x_wconf 58' lang='lat' dir='ltr'><strong>Heinsius</strong></span> <span class='ocrx_word' id='word_1_117' title='bbox 715 3731 754 3790; x_wconf 95' lang='lat' dir='ltr'><strong>L.</strong></span> <span class='ocrx_word' id='word_1_118' title='bbox 771 3728 907 3792; x_wconf 86' lang='lat' dir='ltr'><strong>Theocr.</strong></span> <span class='ocrx_word' id='word_1_119' title='bbox 923 3752 954 3814; x_wconf 88' lang='lat' dir='ltr'><strong>p.</strong></span> <span class='ocrx_word' id='word_1_120' title='bbox 968 3729 1040 3795; x_wconf 81' lang='grc'><strong>540.</strong></span> <span class='ocrx_word' id='word_1_121' title='bbox 1055 3753 1081 3794; x_wconf 88' lang='lat' dir='ltr'><strong>a.</strong></span> <span class='ocrx_word' id='word_1_122' title='bbox 1098 3732 1160 3793; x_wconf 84' lang='lat' dir='ltr'><strong>iam</strong></span> <span class='ocrx_word' id='word_1_123' title='bbox 1182 3755 1257 3796; x_wconf 81' lang='lat' dir='ltr'><strong>vsua</strong></span> <span class='ocrx_word' id='word_1_124' title='bbox 1278 3735 1348 3795; x_wconf 82' lang='lat' dir='ltr'><strong>fua·</strong></span> 
     </span>
     <span class='ocr_line' id='line_1_17' title="bbox 287 3826 1345 3939; baseline 0.004 -27"><span class='ocrx_word' id='word_1_125' title='bbox 287 3862 356 3922; x_wconf 82' lang='lat' dir='ltr'><strong>rat,</strong></span> <span class='ocrx_word' id='word_1_126' title='bbox 378 3847 518 3931; x_wconf 82' lang='lat' dir='ltr'><strong>petitum</strong></span> <span class='ocrx_word' id='word_1_127' title='bbox 540 3846 623 3910; x_wconf 84' lang='lat' dir='ltr'><strong>illud</strong></span> <span class='ocrx_word' id='word_1_128' title='bbox 643 3869 684 3910; x_wconf 79' lang='lat' dir='ltr'><strong>cx</strong></span> <span class='ocrx_word' id='word_1_129' title='bbox 704 3847 810 3910; x_wconf 78' lang='lat' dir='ltr'><strong>verbio</strong></span> <span class='ocrx_word' id='word_1_130' title='bbox 831 3847 999 3911; x_wconf 78' lang='lat' dir='ltr'><strong>Scholiact.</strong></span> <span class='ocrx_word' id='word_1_131' title='bbox 1013 3849 1054 3912; x_wconf 80' lang='lat' dir='ltr'><strong>cd</strong></span> <span class='ocrx_word' id='word_1_132' title='bbox 1071 3826 1166 3934; x_wconf 55' lang='lat' dir='ltr'>Id&#39;yll.</span> <span class='ocrx_word' id='word_1_133' title='bbox 1181 3853 1256 3916; x_wconf 89' lang='lat' dir='ltr'>v11.</span> <span class='ocrx_word' id='word_1_134' title='bbox 1283 3875 1345 3939; x_wconf 65' lang='lat'><strong>19„</strong></span> 
     </span>
     <span class='ocr_line' id='line_1_18' title="bbox 278 3965 1347 4033; baseline 0.005 -5"><span class='ocrx_word' id='word_1_135' title='bbox 278 3965 484 4028; x_wconf 79' lang='lat' dir='ltr'><strong>-imbeciuum</strong></span> <span class='ocrx_word' id='word_1_136' title='bbox 512 3965 683 4028; x_wconf 76' lang='lat' dir='ltr'><strong>admodum</strong></span> <span class='ocrx_word' id='word_1_137' title='bbox 709 3987 776 4028; x_wconf 76' lang='lat' dir='ltr'>esse</span> <span class='ocrx_word' id='word_1_138' title='bbox 806 3969 875 4028; x_wconf 88' lang='lat' dir='ltr'><strong>iurc</strong></span> <span class='ocrx_word' id='word_1_139' title='bbox 897 3969 1066 4033; x_wconf 78' lang='lat' dir='ltr'><strong>existimat.</strong></span> <span class='ocrx_word' id='word_1_140' title='bbox 1122 3971 1347 4033; x_wconf 84' lang='lat' dir='ltr'><strong>Eichstadtiua</strong></span> 
     </span>
     <span class='ocr_line' id='line_1_19' title="bbox 287 4081 1348 4171; baseline 0.008 -25"><span class='ocrx_word' id='word_1_141' title='bbox 287 4099 321 4146; x_wconf 84' lang='lat' dir='ltr'><strong>ct</strong></span> <span class='ocrx_word' id='word_1_142' title='bbox 337 4082 402 4145; x_wconf 90' lang='lat' dir='ltr'><strong>hoo</strong></span> <span class='ocrx_word' id='word_1_143' title='bbox 422 4104 548 4145; x_wconf 87' lang='lat' dir='ltr'><strong>carmen</strong></span> <span class='ocrx_word' id='word_1_144' title='bbox 567 4097 600 4144; x_wconf 85' lang='lat' dir='ltr'><strong>et</strong></span> <span class='ocrx_word' id='word_1_145' title='bbox 620 4081 758 4147; x_wconf 91' lang='lat' dir='ltr'>XXVII.</span> <span class='ocrx_word' id='word_1_146' title='bbox 776 4083 815 4146; x_wconf 86' lang='lat' dir='ltr'><strong>ab</strong></span> <span class='ocrx_word' id='word_1_147' title='bbox 842 4081 1063 4171; x_wconf 69' lang='lat' dir='ltr'><strong>iuge&#39;niociore</strong></span> <span class='ocrx_word' id='word_1_148' title='bbox 1083 4088 1253 4152; x_wconf 80' lang='lat' dir='ltr'><strong>Theocriti</strong></span> <span class='ocrx_word' id='word_1_149' title='bbox 1276 4093 1348 4154; x_wconf 86' lang='lat' dir='ltr'><strong>imi·</strong></span> 
     </span>
     <span class='ocr_line' id='line_1_20' title="bbox 287 4201 1348 4286; baseline 0.01 -23"><span class='ocrx_word' id='word_1_150' title='bbox 287 4215 392 4266; x_wconf 76' lang='lat' dir='ltr'><strong>tatore</strong></span> <span class='ocrx_word' id='word_1_151' title='bbox 406 4201 621 4286; x_wconf 72' lang='lat' dir='ltr'><strong>compositum</strong></span> <span class='ocrx_word' id='word_1_152' title='bbox 640 4223 709 4268; x_wconf 80' lang='lat' dir='ltr'><strong>case</strong></span> <span class='ocrx_word' id='word_1_153' title='bbox 727 4203 861 4267; x_wconf 85' lang='lat' dir='ltr'><strong>iudicat.</strong></span> <span class='ocrx_word' id='word_1_154' title='bbox 881 4239 926 4258; x_wconf 89' lang='lat'><strong>--</strong></span> <span class='ocrx_word' id='word_1_155' title='bbox 948 4205 1099 4271; x_wconf 79' lang='lat' dir='ltr'><strong>Ceterum</strong></span> <span class='ocrx_word' id='word_1_156' title='bbox 1110 4229 1166 4272; x_wconf 80' lang='lat' dir='ltr'><strong>coc</strong></span> <span class='ocrx_word' id='word_1_157' title='bbox 1183 4212 1348 4274; x_wconf 80' lang='lat' dir='ltr'><strong>Gramma·</strong></span> 
     </span>
    </p>
   </div>
   <div class='ocr_carea' id='block_1_4' title="bbox 0 0 1486 5020">
    <p class='ocr_par' dir='ltr' id='par_1_4' title="bbox 0 0 1486 5020">
     <span class='ocr_line' id='line_1_21' title="bbox 0 0 1486 5020; baseline 0 3"><span class='ocrx_word' id='word_1_158' title='bbox 0 0 1486 5020; x_wconf 95' lang='lat' dir='ltr'><strong> </strong></span> 
     </span>
    </p>
   </div>
  </div>
 </body>
</html>
