2922 5026
460 341 893 428 nnrrrAMnArA.
1147 387 1205 456 79¹

220 522 563 592 EPITAPHIVM
606 525 824 610 ΟΗΤΑΕ,
867 529 1119 606 NVTRICIS

479 627 667 696 MEDEI.
710 629 862 698 XVIII.

218 731 385 796 Parvulas
402 731 491 796 Istud
507 730 636 796 struxit
652 727 832 797 Thr-eisne

125 833 268 900 Medeus
284 833 535 904 monimentum
552 830 648 897 iuxta
664 832 776 915 viam,
799 847 832 901 et
849 835 1021 928 inscripsit
1039 839 1194 908 Clituc.

213 935 358 1002 Habebit
372 933 515 1022 gratiam
533 937 656 1004 mulier
672 959 734 1026 pro
751 961 791 1004 eo

123 1039 230 1129 Quod
256 1061 405 1130 puerum
431 1037 580 1106 nutrivit
632 1037 763 1130 Quidni
788 1041 905 1108 enim?
944 1041 1046 1110 ctiam
1072 1043 1192 1136 frugi

707 1157 859 1211 vocatur.

333 1295 387 1363 IN
430 1295 836 1366 ARCHILOCHVM.
881 1299 984 1370 XIX.

111 1413 362 1484 Archilochum
380 1415 518 1483 consiste
532 1427 565 1481 et
578 1417 713 1504 adspice
730 1425 878 1482 veterem
895 1433 1034 1506 poetam

206 1517 511 1607 Iambographum,
534 1519 630 1584 cuiue
644 1519 759 1606 ingens
772 1517 879 1606 gloria

207 1621 404 1688 Penetravit
419 1623 509 1687 etad
525 1638 679 1686 occasum
695 1632 727 1685 et
745 1621 979 1696 adorientem.

113 1723 209 1792 Sane
227 1747 306 1792 eum
321 1725 441 1792 Musae
455 1737 490 1790 ct
503 1722 620 1794 Delius
635 1722 794 1790 amabant
808 1725 945 1814 Apollo:

177 1987 304 2052 Harles.
333 1988 412 2049 citat
433 2001 544 2050 notata
570 1983 610 2046 ad
629 1987 732 2052 Valer.
752 1989 858 2050 Flacc.
881 1987 937 2052 Vl.
954 1987 1033 2072 l571.
1061 1993 1177 2058 Kieeal.

178 2073 376 2156 „Proprium
392 2073 528 2134 nutricis
545 2093 664 2134 nomen
680 2073 744 2133 fuit
757 2079 882 2149 Kleitor,
907 2097 1089 2160 cognomen
1100 2105 1177 2161 χρη-

178 2162 276 2240 σίμη,
313 2157 401 2242 quod
423 2157 455 2220 ei
483 2171 616 2240 propter
640 2157 734 2218 fidem
759 2159 793 2218 in
817 2159 953 2221 servitio
976 2161 1176 2243 praestitam,
1253 2219 1255 2226 .

176 2243 433 2326 militaremque,
458 2263 554 2326 quam
570 2239 647 2304 inde
664 2241 813 2326 capiebat
830 2265 927 2326 puer,
952 2245 1006 2306 cui
1021 2250 1070 2307 lac
1086 2267 1175 2330 prse-

176 2327 288 2406 bebat,
312 2327 498 2412 impositum
514 2327 616 2388 fuine
635 2327 801 2390 videturr‘
843 2329 969 2390 Iacche.

595 2463 687 2538 XIX.

126 2581 185 2656 eo'.
206 2583 427 2670 Epitaphium⁸
445 2581 646 2646 Archilochi.
668 2617 711 2634 -
730 2587 767 2646 In
794 2583 865 2647 cod.
883 2585 954 2650 Vct.
974 2585 1053 2647 huic
1070 2586 1171 2672 epigr.

173 2671 315 2733 auctoris
331 2691 449 2731 nomen
464 2691 531 2732 non
551 2665 696 2729 additum
709 2685 768 2730 eet.
808 2669 852 2731 At
869 2671 1021 2754 proximo
1036 2674 1170 2732 carmini

110 2807 112 2813 .
169 2755 368 2840 adscriptum
385 2759 500 2815 lemma
520 2751 579 2820 rori
602 2751 696 2820 αὐτοῦ
712 2758 884 2821 Amatne.
916 2754 1009 2817 Vnde
1029 2758 1170 2838 suspice·

170 2842 235 2918 ria,
265 2841 329 2902 hoc
350 2859 480 2924 quoque
501 2859 628 2900 carmen
642 2839 812 2902 Leonidae
832 2861 910 2902 esre.
938 2841 1039 2902 Paulo
1061 2856 1169 2903 temen
1234 2877 1240 2890 =

169 2925 351 3010 simplicior
369 2923 475 2985 oratio
516 2943 589 2984 uem
611 2943 672 3004 prc
688 2924 856 2987 Leonidae
869 2925 1002 3011 ingenio
1019 2925 1168 2989 Iacobsio

169 3032 240 3074 esse
253 3009 394 3072 videtur.
416 3011 471 3069 De
488 2945 680 3070 Archilochi
699 3010 766 3071 vita
779 3025 812 3072 et
825 3011 954 3092 seriptis
970 3011 1057 3071 conl.
1073 3011 1168 3073 Com-

169 3096 400 3160 mentationem
413 3093 556 3156 Liebelii
577 3094 778 3175 praemiacum
793 3093 983 3158 Archilochi
1004 3096 1167 3182 Reliquiis

169 3182 209 3242 ab
224 3181 296 3265 ipso
310 3179 417 3242 editis.
459 3179 577 3240 Kiessl.

123 3289 155 3333 2.
178 3264 214 3332 cd
226 3261 336 3348 μύρων
355 3266 448 3340 κλέος.
466 3267 576 3346 ingena
588 3265 707 3346 gloria.
737 3261 824 3328 Vide
837 3261 994 3328 veletren.
1008 3263 1048 3325 sd
1062 3263 1165 3329 Phoe.

166 3353 243 3413 nire.
259 3373 290 3453 p.
305 3349 378 3436 498.
421 3347 546 3412 Iacche.

121 3437 153 3503 5.
178 3434 242 3502 ποτ’
256 3437 302 3501 aci
315 3455 374 3518 pro
393 3439 525 3519 vulgato
539 3429 617 3516 apic
636 3431 665 3498 ci.
680 3435 752 3495 Vat.
768 3435 859 3496 euius
876 3433 979 3519 gloria
993 3449 1099 3496 totum
1114 3459 1171 3498 οτ-Ι

163 3522 234 3584 bem
256 3536 421 3594 terrarum,
438 3519 515 3582 inde
531 3518 569 3580 ab
586 3541 701 3580 occasu
715 3539 818 3604 usquc
833 3515 875 3581 ad
892 3519 1062 3594 orientem,
1080 3543 1165 3582 com·

166 3609 280 3691 μιν...
324 3606 422 3668 idem.
1054 3601 1064 3620 ⁸

117 3689 154 3758 4.
177 3689 301 3772 effoderas
311 3689 385 3750 Vat.
400 3716 448 3754 m
462 3688 566 3774 igitur
580 3689 670 3776 legit.
694 3685 792 3772 Quod
801 3686 1033 3751 Archilochum
1041 3689 1161 3770 Apollo

166 3797 286 3840 amasse
308 3773 445 3850 dicitur,
478 3775 614 3836 fortasse
635 3773 827 3856 simpliciter
849 3772 889 3836 de
910 3773 1040 3856 poetica
1062 3773 1163 3831 facul·

168 3877 236 3924 tate
249 3857 474 3940 accipiendum
487 3873 554 3933 θοις
586 3861 721 3920 fortasse
734 3873 841 3922 tamen
856 3871 979 3942 spectet
995 3869 1104 3916 notem
1123 3855 1162 3913 il·

163 3951 228 4008 lam
257 3943 396 4005 fabulam
417 3942 456 4004 de
477 3941 643 4026 Apollinis
668 3943 703 4001 in
732 3941 922 4004 Archilochi
944 3959 1162 4023 percussorem

165 4033 223 4092 ira.
247 4027 345 4092 Coos.
367 4027 599 4107 Wyttenbach.
611 4026 659 4087 -sd
673 4027 837 4089 Plutarch.
859 4025 899 4086 de
913 4026 944 4087 S.
956 4024 998 4086 N.
1010 4023 1092 4106 V..p.
1110 4019 1162 4086 81.

168 4107 264 4178 Idem.
281 4111 388 4196 [Adde
401 4111 529 4174 Liebel.
544 4119 567 4177 l.
585 4135 611 4174 c.
627 4133 658 4196 p.
674 4114 715 4175 iu
729 4133 801 4197 ⁸qq·
844 4111 898 4192 A]
