2816 5014
278 481 321 550 9⁰
460 465 771 530 οοοπνιτον
792 453 1155 544 mmmm.

330 628 499 732 Φρύοδεύ
515 661 585 728 μεο
599 627 666 708 τόν
679 633 785 731 ἔρωθ’
802 631 892 709 ὅθεν
910 643 1021 724 ἵκετο,
1047 629 1166 710 πότνα
1173 628 1332 710 Σελύνα.

277 736 328 816 Χ
347 737 441 813 ούτο
459 739 508 832 τᾷ
534 731 629 830 eollo
642 730 708 811 τόν
726 734 869 812 ύλαθέα
885 739 1009 831 μῦθον
1025 740 1138 828 ἔλεξα,

254 919 260 931 ,
277 846 333 919 Εἰ
339 837 368 916 θ’
385 840 613 936 ύμεθέστολί
626 867 694 930 μοι
708 841 864 932 χαλεπός
877 835 971 915 νόσω
987 841 1072 934 εύρύ
1083 869 1122 914 τι
1135 842 1262 937 μοῖχος.
1282 845 1332 934 95

280 947 413 1019 Πᾶοαν
430 946 504 1034 ἔχει
517 967 565 1034 με
579 937 756 1017 τύλαιναν
771 941 793 1016 ὁ
808 936 985 1025 Μύνδιος.
1019 940 1110 1018 oillei
1123 950 1283 1038 μολοΐοα

284 1043 449 1144 Τήρησον
471 1043 557 1117 ποτὶ
577 1039 647 1120 τοῖν
667 1039 892 1142 Τιμαγήτοιο
914 1047 1152 1146 παλριίστραν·

283 1149 390 1247 Τρνεὶ
411 1142 480 1252 γόρ
499 1151 631 1244 φοιτῇ,
658 1149 758 1246 τηνεὶ
773 1151 815 1222 (λε’
828 1155 864 1221 οἱ
880 1143 950 1223 del
964 1153 1164 1247 καθῆσθαι.

331 1245 498 1344 Φρύοδεύ
512 1277 582 1342 μεν
596 1246 663 1324 τόν
680 1248 786 1348 ἔρωθ
803 1248 893 1325 ὅθεν
904 1254 1022 1344 λ’νετο,
1048 1248 1167 1327 πότνα
1174 1247 1337 1329 Σελύνα.

276 1349 401 1451 Κήπεί
415 1347 461 1424 κύ
475 1381 532 1426 νιν
549 1345 657 1427 ε’ύντα
671 1347 794 1450 μάθῃς
808 1349 938 1444 μόνον,
954 1355 1071 1446 ἅσοχα
1088 1357 1230 1446 νεῦσον,
1263 1378 1336 1426 100

278 1452 392 1551 Kpirp',
420 1453 479 1528 ὅτι
493 1457 668 1549 Σιμαίθα
690 1450 738 1530 τύ
752 1461 865 1546 καλεῖ,
891 1457 951 1530 ναὶ
964 1457 1101 1552 ύφαρέο
1118 1461 1218 1552 τᾷδε.

272 1559 348 1638 Ὣς
364 1551 520 1652 ἐφάμαν·
548 1557 574 1629 οἱ
592 1555 622 1632 δ’
638 1555 730 1655 ἦνθε
746 1557 807 1632 καὶ
821 1558 933 1653 ἄγαγε
947 1555 1014 1634 τόν
1029 1556 1262 1660 λεπαρύχροεν

278 1663 346 1741 Εἰς
362 1654 433 1753 ἐμοὶ
449 1655 602 1753 δόματα
616 1663 768 1756 Δέλφιν·
803 1655 871 1754 e’yei
888 1666 930 1735 δέ
945 1691 1002 1738 νιν
1018 1661 1062 1745 oie
1077 1659 1205 1763 ἐνόησα

272 1761 388 1858 Ἄρτι
405 1756 524 1856 θύρας
539 1763 629 1860 ύπὲρ
648 1756 757 1836 ούὸόν
778 1757 1024 1858 ἀμειβόμενον
1041 1767 1126 1839 ποδὶ
1142 1761 1283 1864 κούφῳ,

328 1859 516 1962 (Φρύσδεό
538 1893 609 1960 μευ
632 1858 699 1939 τόν
724 1861 831 1963 ἔροιθ’
849 1865 941 1942 ὅθεν
964 1875 1061 1942 ἵνετο
1071 1925 1085 1959 ,
1112 1863 1231 1943 πότνα
1256 1877 1336 1946 Σε-

866 1962 985 2058 λύνα.)
1266 1977 1336 2044 105

278 2072 392 2146 Πᾶσα
406 2071 476 2164 μὲν
491 2061 658 2167 ἑψύχθην
679 2065 799 2161 χιόνος
813 2073 941 2162 πλέον,
968 2077 1006 2148 ἐν
1024 2075 1062 2148 δὲ
1077 2067 1232 2169 μετόπο

277 2252 486 2280 m

283 2391 287 2400 ’
344 2381 379 2424 τε
394 2352 548 2439 πετόμενα
563 2352 642 2441 πρός
655 2352 853 2436 ε’μοῖνάύελόν.
882 2355 967 2421 Add.
983 2360 1160 2424 Matthiaei
1177 2381 1276 2446 gram.
1292 2382 1338 2447 gr.

342 2439 464 2526 p081‘2.
483 2440 591 2527 Viger.
607 2463 639 2525 p.
653 2442 725 2507 550.
742 2459 810 2506 not.
855 2447 972 2509 Kiessl.

300 2545 352 2634 94.
373 2543 400 2631 χ’
421 2546 498 2610 οὕτω
524 2545 564 2632 τᾷ
584 2542 677 2628 δούλα
697 2545 820 2629 primae
842 2543 925 2610 Edu.
948 2561 983 2610 at
1002 2549 1150 2634 plerique
1171 2549 1252 2611 cdd.
1298 2537 1352 2612 Iu¹

343 2629 512 2700 nonnullis
535 2645 643 2692 tamen
665 2644 698 2691 et
719 2629 770 2691 Au
795 2679 802 2694 .
825 2629 933 2718 χ’ύτω
953 2637 994 2718 τᾷ
1012 2633 1103 2718 eolla.
1147 2633 1233 2718 Quia
1258 2637 1336 2702 δῶλε

344 2718 465 2804 legitur
488 2713 583 2798 Idyll.
606 2717 646 2793 V,
670 2715 719 2792 5.,
784 2717 984 2780 alchenarius
1010 2717 1118 2805 (quem
1138 2721 1334 2784 recentiores

344 2801 446 2865 secuti
466 2815 551 2862 sunt.
574 2797 629 2885 K.)
658 2795 740 2882 δούλᾳ
762 2800 901 2862 admisit.
946 2803 1056 2884 Quum
1075 2803 1110 2862 in
1130 2803 1211 2867 ούτεο
1230 2807 1334 2886 prima

341 2887 464 2970 syllaba
486 2905 552 2946 non
571 2899 731 2956 mutetur,
754 2883 895 2944 Brunck.
915 2898 1021 2944 tamen
1044 2906 1115 2945 cum
1139 2883 1334 2950 Casaubono

343 2985 505 3054 repertum
526 2967 560 3026 in
576 2966 808 3028 Laurentiauis
821 2963 849 3050 χ’
866 2966 936 3031 nicei
954 2967 1128 3051 rescripsit.
1171 2972 1270 3034 Harl.

301 3092 352 3182 95.
375 3083 442 3156 εἶδ’
453 3085 519 3169 aire]
542 3087 627 3144 valet
641 3103 700 3166 pro
721 3086 769 3148 εἴα
783 3079 821 3161 δὴ
839 3083 911 3167 ἄγε,
933 3089 986 3146 eia
1005 3109 1085 3148 sam
1105 3111 1182 3169 age,
1207 3093 1336 3154 ινοΙιΙαπ

343 3178 425 3238 ἅτινα
448 3193 523 3230 παπ.
559 3155 596 3234 ελ
616 3168 669 3252 si'ye
690 3169 893 3234 Winterton.
915 3169 1002 3256 (eum
1022 3193 1089 3235 vno
1112 3173 1170 3237 Cd.
1191 3179 1279 3238 Flor.
1301 3189 1334 3236 et

342 3259 436 3340 Lips.
452 3277 468 3314 a
484 3277 524 3314 m.
541 3275 603 3314 sec.
618 3253 717 3314 ceteri
735 3268 839 3314 tamen
857 3253 927 3318 cdd.
944 3270 977 3316 et
989 3255 1061 3318 edd.
1079 3280 1126 3341 pr.
1142 3262 1286 3324 retinent
1298 3259 1333 3330 δ’.

342 3349 398 3418 Κ.)
419 3363 450 3402 v.
463 3337 616 3400 Valcken.
631 3353 664 3398 et
682 3337 827 3398 Dammii
842 3339 957 3402 chie.
978 3363 1125 3426 graecum
1140 3366 1173 3427 p.
1187 3343 1259 3410 526.
1275 3343 1332 3429 qui

342 3430 378 3490 in
385 3427 449 3489 hoc
459 3445 553 3484 sensu
561 3436 593 3484 et
607 3445 666 3484 vsu
680 3427 800 3482 nullam
816 3423 945 3487 subesse
961 3425 1092 3508 ellipsin
1105 3444 1208 3510 putat.
1232 3429 1332 3492 Secus

342 3528 449 3576 autem
468 3508 599 3570 videtur
611 3508 864 3594 Hoogeveenio‚
890 3511 946 3593 qui
963 3510 997 3569 in
1014 3512 1175 3574 Doctrina
1191 3529 1274 3598 part.
1289 3515 1329 3574 L.

344 3601 400 3661 Gr.
417 3612 494 3658 tom.
510 3595 535 3655 Ι.
556 3615 589 3675 p.
604 3591 676 3658 541.
693 3613 762 3676 sqq.
786 3591 838 3671 (in
851 3595 942 3676 Epit.
958 3593 1089 3657 Schiitz.
1102 3618 1136 3679 p.
1158 3595 1240 3678 182.)
1261 3597 1329 3660 vbi·

277 3707 281 3712 ’
341 3684 391 3746 vis
404 3683 507 3764 βούλει
523 3676 790 3753 subaudiendum,
815 3693 848 3738 et
862 3683 988 3760 plenam
1008 3701 1075 3740 esse
1091 3683 1279 3759 orationem,
1303 3683 1331 3746 εἰ

342 3771 375 3835 al
394 3763 511 3850 βούλει,
534 3763 603 3846 ἄγε,
625 3761 803 3824 contendit.
836 3761 947 3906 {Confi
963 3762 1123 3829 Schaefer.
1141 3766 1181 3827 ad
1199 3767 1240 3832 L.
1254 3769 1328 3829 Bos.

341 3853 459 3934 Ellips.
472 3871 504 3930 p.
514 3848 585 3932 590.
601 3862 634 3909 et
647 3849 820 3908 Hermann.
859 3867 876 3908 e
890 3849 997 3931 ellipsi
1012 3864 1046 3909 et
1059 3854 1204 3931 pleonas.
1217 3873 1250 3935 p.
1263 3849 1329 3918 104.

342 3937 499 4019 in¹Viger.
514 3953 546 4014 p.
560 3931 632 4006 870.
655 3931 799 4014 Kiessl.].
844 3931 964 3994 Reislre
976 3947 1082 4016 putet,
1105 3940 1135 4000 εἰ
1148 3957 1216 3998 esne
1232 3936 1329 4018 impe·

341 4021 479 4085 rativurn
497 4030 694 4076 contractum
713 4038 754 4078 ex
775 4017 821 4096 ἔε,
843 4015 882 4076 ab
898 4017 956 4096 ἔω,
979 4041 1030 4092 eo,
1055 4021 1152 4095 vado,
1177 4020 1261 4082 vnde
1275 4038 1331 4102 per

343 4101 583 4171 circumflexum
610 4099 787 4163 notandum
811 4116 843 4162 et
871 4101 1072 4166 exarandum.
1099 4109 1198 4166 Harl.
1236 4103 1331 4187 [Cum

343 4187 508 4258 Brunckio
529 4201 562 4250 et
575 4185 748 4248 Schaesero
764 4186 948 4270 scripsimus
968 4187 1091 4276 εὑρέτω
1133 4192 1188 4251 De
1201 4211 1261 4251 suu
1277 4209 1330 4252 vo·
