2926 5022
267 526 577 592 THEOCRITI
605 529 886 601 IDYLLION
914 536 1040 608 xvn.
1126 551 1190 624 485

124 697 246 767 Forma
266 719 351 788 prae
367 701 484 792 raterio
498 698 621 766 deobno
635 702 822 788 excellens,
852 715 1044 782 veneranda
1058 719 1189 812 Venno,

121 801 198 878 Tibi
213 801 273 868 illa
285 824 385 870 curae
401 815 490 882 erat,
513 813 547 867 et
561 825 623 891 per
639 815 674 866 te
685 805 846 874 Berenice

118 909 275 971 Formosa
290 904 517 972 Acherontem
533 903 725 972 luctuosum
742 930 812 976 non
827 913 971 983 noiecitz

119 1005 179 1074 Sed
193 1020 233 1074 tu
246 1027 320 1074 eam
335 1005 520 1093 abreptam,
543 1007 638 1096 prius
653 1029 754 1094 quam
769 1011 811 1076 ad
826 1013 972 1083 fluvium
986 1021 1179 1102 devenimet

115 1107 272 1196 Nigrum,
295 1119 327 1174 et
339 1105 471 1175 obrem
484 1130 618 1198 temper
634 1113 834 1198 portitorem
846 1117 1095 1212 defunctorum,

116 1210 153 1276 In
161 1211 287 1298 templo
294 1211 476 1293 collocanti,¹
493 1210 833 1300 propriiquohonoris
843 1221 1046 1312 participem
1054 1231 1176 1304 feoioti.

117 1312 285 1378 Omnibus
301 1314 358 1380 illa
370 1311 514 1403 propitia
526 1312 729 1378 mortalibus
742 1319 860 1384 molles
874 1343 1006 1391 amoroo

97 1421 100 1429 “
117 1409 290 1504 Adopirat,
311 1417 471 1502 levesque
487 1415 600 1481 reddit
612 1416 739 1480 amanti
752 1441 860 1488 curae.
1243 1473 1248 1486 .

116 1516 237 1605 argiva
257 1517 360 1607 nigria
374 1517 562 1608 superciliis
575 1517 730 1606 insignis,
762 1532 801 1587 tu
814 1521 1019 1600 homicidam
1034 1537 1178 1608 Diome·

691 1619 787 1704 dem,¹

114 1719 219 1786 Mixto
234 1721 373 1812 Tydeo,
395 1721 589 1813 perperisti,
611 1721 831 1811 Calydonium
847 1728 981 1800 virumr

130 2033 181 2099 51·
203 2035 258 2104 ἅδε
271 2069 315 2086 -
328 2033 481 2124 μαλακός,
505 2051 655 2123 tanquam
672 2033 826 2138 doriomoa
844 2041 1061 2113 restituendos
1078 2069 1176 2138 putat

171 2119 321 2198 Brenni,
346 2145 467 2208 eosque
481 2120 671 2184 Valckenar.
685 2137 823 2206 recepit:
843 2127 990 2209 palatiolo
1004 2134 1067 2197 iem
1077 2141 1174 2206 Win-

141 2227 145 2237 ·
176 2219 285 2268 terton
301 2207 439 2271 dederat.
485 2211 583 2269 Harl.

131 2303 181 2372 52.
203 2313 352 2375 ποθεόνιι
366 2325 414 2372 eat
431 2313 567 2372 amanti.
589 2307 642 2370 Sic
655 2308 823 2386 ποθεῦιτες
837 2309 933 2393 Idyll.
947 2315 1022 2381 XII.
1040 2339 1069 2382 a.
1093 2325 1171 2390 Mo.

172 2395 247 2456 nuit
269 2394 415 2456 bociam
437 2393 585 2496 Toupiua
606 2394 640 2453 in
664 2392 839 2458 Addendio.
858 2398 970 2460 ‘Curae
993 2411 1170 2473 amantium

142 2493 147 2504 ·
172 2483 290 2542 allevat
305 2502 329 2540 o.
345 2478 444 2556 lenit,
467 2504 583 2562 κουφας
597 2481 678 2543 διδοῖ
690 2498 750 2560 pro
770 2487 910 2564 κουᾳΙζει.
933 2481 1028 2568 ldyll.
1043 2487 1169 2557 XXIII.

172 2583 201 2650 9.
215 2570 335 2646 φίλαμα
355 2557 394 2630 ui
406 2570 547 2648 κουφίζοι
566 2559 618 2628 τόν
638 2561 746 2649 ἔρωτα,
768 2567 825 2647 qni
848 2569 939 2629 locui
961 2572 1038 2632 satie
1062 2574 1168 2657 docet,

143 2661 235 2731 ‘qna
264 2651 391 2711 ratione
419 2650 447 2710 io
467 2649 523 2736 qui
550 2647 584 2708 in
609 2646 755 2708 manibus
777 2663 844 2720 est,
881 2651 1085 2736 accipiendus
1107 2662 1169 2726 ait:

167 2751 242 2793 nam
264 2735 370 2794 minu,
391 2750 493 2808 recte,
527 2733 662 2816 opinor,
695 2733 730 2791 in
750 2733 863 2795 Attico
877 2736 996 2799 Museo
1012 2741 1075 2806 Ill.
1094 2765 1120 2808 a.
1134 2768 1168 2832 p.

148 2839 150 2846 ¹
170 2817 272 2898 267.o
294 2819 365 2880 viro
378 2816 475 2880 docto
501 2839 572 2878 curn
585 2813 784 2880 Ruhnkenio
803 2817 838 2876 in
855 2819 960 2900 Epist.
985 2825 1056 2886 crit.
1073 2827 1115 2890 11.
1136 2853 1171 2914 p.

144 2925 147 2932 ·
169 2901 242 2990 589.
263 2901 329 2992 (ed.
345 2924 372 2966 a.
393 2899 502 2982 1808.)
522 2905 637 2984 κοῦφαι
657 2901 799 2984 μέριμναι
819 2906 1026 2986 explicantur
1046 2915 1171 2976 oolliei-

170 2989 298 3050 tudima
304 3034 317 3062 ,
345 2987 458 3070 quibua
479 2999 623 3048 amantea
639 2992 817 3068 agitantur.
849 2987 918 3049 Iino
932 2990 1170 3064 substantivum

167 3073 316 3158 μέριμναι
325 3093 382 3157 per
396 3093 430 3134 oe
445 3076 549 3134 solum
565 3071 726 3133 benevim
748 3071 861 3146 habet,
886 3072 942 3134 has
956 3091 1062 3139 autem
1078 3084 1170 3145 oolli-

169 3158 333 3219 citudineo
360 3179 385 3218 o.
415 3169 505 3219 durae
534 3159 648 3217 allevat
681 3157 835 3218 Berenice
863 3172 1015 3242 tanquam
1045 3163 1166 3246 Venno,

170 3261 271 3327 quum
293 3241 384 3317 iacit,
406 3257 442 3302 vt
455 3242 630 3302 amantium
652 3241 834 3302 votis'oatis
856 3241 922 3306 fiat.
966 3245 1044 3307 Non
1066 3251 1169 3336 magio

168 3342 258 3390 secte
274 3327 375 3412 igitur
392 3339 595 3408 comparatur
608 3325 754 3408 Propert.
776 3325 867 3410 Elog.
883 3325 926 3388 Π.
940 3327 998 3392 ΙΧ.
1018 3329 1047 3398 5.

246 3463 301 3516 Hie
314 3463 437 3532 primam
449 3459 524 3514 vidit
535 3461 596 3513 sine
606 3475 687 3512 sensu
698 3461 792 3512 niven
805 3470 940 3530 amantes,

280 3531 323 3586 Et
335 3528 443 3585 levibus
455 3530 527 3584 curis
540 3547 644 3601 magna
655 3531 748 3600 perire
763 3527 847 3583 bona.

168 3653 320 3716 Ceterum
336 3653 423 3716 conf.
438 3652 574 3716 Theocr.
584 3647 766 3734 Idyll.XII.
784 3671 833 3716 ro.
846 3623 972 3716 Mirinn
987 3651 1022 3716 in
1037 3654 1171 3724 modurn

169 3739 326 3802 Reiskiur
340 3761 451 3802 oenum
465 3744 575 3801 locum
589 3737 791 3800 sollicitavit.
835 3741 954 3801 Kieoel.

126 3835 178 3906 55.
200 3839 252 3904 54.
280 3843 431 3918 Oeneus,
468 3863 526 3902 rex
553 3837 747 3922 Calydonio,
785 3861 826 3900 ex
853 3839 1004 3914 Althaea,
1041 3837 1172 3905 Tbeotii

168 3925 259 4004 ldie,-
278 3941 405 4010 praeter
417 3925 497 3988 alios
511 3924 630 3988 liberos
645 3923 784 4006 suscepit
799 3923 897 3985 etiam
910 3923 1077 4006 Tydeurn,
1113 3925 1171 4008 qut

170 4012 213 4076 ob
229 4012 359 4074 caedem
374 4013 490 4073 factam
506 4009 675 4092 Calydone
697 4010 785 4092 fugit
800 4013 903 4091 Argoo
925 4007 965 4070 ad
985 4007 1167 4085 Adranam,

168 4098 263 4159 onius
290 4117 333 4158 ex
355 4096 424 4157 filia
439 4097 506 4157 Dei
530 4099 585 4177 yle
611 4093 753 4176 suscepit
772 4091 985 4168 Diomedem,
1016 4091 1171 4154 hocloco

152 4180 209 4244 vob
223 4197 349 4268 patrem
364 4179 488 4244 dictum
504 4117 731 4266 Salydonium.
755 4177 854 4240 Conf.
869 4173 1062 4261 Apollodor.
1084 4173 1120 4252 1,
1137 4171 1170 4244 8.

152 4265 243 4333 eo.
285 4267 407 4342 Kieaoi,
517 4287 524 4312 ¹
594 4287 597 4294 ’
728 4343 800 4410 Hb

814 4361 832 4411 2
