2796 5024
246 509 250 519 .
280 451 320 511 70
451 429 763 506 QEOKPITOOE
790 427 1108 494 ΕΙΛΤΛΛΙΟΝ
1129 419 1168 508 β.

266 661 271 668 .
329 601 429 696 Ἵῦγξ
436 656 449 690 ,
477 607 554 674 ἕλκε
577 593 624 673 sti
649 601 761 694 τῆνον
777 591 867 695 ε’μδν
881 599 968 674 ποτὶ
984 599 1088 692 δῶμα
1102 591 1168 673 τόν
1184 595 1329 696 ἄνδρα.

285 698 453 799 'Abolani
475 731 537 777 τοι
560 703 702 796 πρᾶτον
722 704 811 801 πυρὶ
826 697 989 776 ederent·
1016 698 1090 775 ἀλλ’
1103 701 1304 789 ἐπίπασσε,

291 812 459 883 Θέστολι·
494 807 633 882 δειλαία
641 860 655 895 ,
682 808 735 902 πᾷ
749 802 815 886 τοὶς
831 809 964 904 φρένας
978 797 1221 878 &rumorosos
1229 831 1247 896 ‚-

286 909 344 993 Ἢ
355 904 404 1007 ῥά
418 913 462 1004 γε’
474 936 536 982 τοι
551 901 700 1005 nasoon?
717 909 776 982 sni
791 908 848 982 τὶν
865 907 1049 1004 ἐπίχαρμα
1064 911 1277 1000 cicorum,-
1311 927 1362 974 20

294 1007 431 1102 Hcioo',
472 1010 552 1106 ἅμα
580 1010 641 1084 ναὶ
671 1013 750 1108 λέγε
772 1011 925 1133 ταῦτα’,
950 1005 1006 1084 Tol
1029 1011 1209 1110 Δέλφιδος
1235 1003 1365 1080 ὀστέω

872 1139 1008 1186 nacon.

359 1361 416 1422 ubi
433 1361 521 1424 conf.
539 1357 724 1442 Broukhus.
752 1349 940 1442 Propertius
962 1369 1106 1420 nostrum
1127 1361 1236 1422 locum
1260 1349 1365 1416 vide-

358 1460 413 1506 tur
426 1445 467 1506 ob
484 1450 594 1507 oculos
617 1443 779 1506 habuisse.
824 1445 939 1505 Kiessl.

321 1550 370 1620 ¹7·
386 1529 486 1616 'stiffi
506 1529 636 1614 proprie
655 1529 826 1611 tarquino,
856 1525 1075 1602 Wendehsls,
1099 1549 1191 1612 qnam
1213 1523 1364 1608 Mytho·

361 1615 477 1702 graphi
492 1613 724 1699 finguntPierI‚
747 1615 833 1698 regis
846 1613 1026 1687 Errlathiae‚
1051 1611 1153 1674 fuisse
1169 1611 1284 1686 filiam,
1311 1632 1364 1672 ea·

312 1769 316 1778 ,
361 1722 424 1785 que
441 1723 513 1762 cnm
535 1697 669 1783 reliquis
693 1712 767 1760 octo
784 1695 849 1759 suis
868 1695 1033 1760 sororibus
1047 1697 1083 1758 in
1098 1696 1276 1758 certamine
1291 1718 1362 1756 mu·

363 1785 432 1848 sico
448 1808 464 1846 a
478 1783 586 1846 Musis
608 1782 695 1844 victa
711 1797 744 1844 et
764 1783 800 1842 in
815 1801 904 1843 avem
925 1782 1147 1844 transformata
1163 1779 1301 1842 dicitur.
1331 1801 1362 1840 v.

362 1869 526 1931 Antonini
552 1866 713 1928 Liberalis
744 1866 961 1950 Metamorph.
990 1887 1057 1950 cap.
1082 1887 1111 1950 9.
1139 1865 1253 1952 ibique
1282 1865 1361 1926 Ver·

364 1953 452 2034 heyk
483 1967 516 2014 et
548 1950 720 2014 Muncher.
770 1951 875 2014 Aliter
899 1966 1006 2014 tamen
1033 1965 1181 2012 enarrant
1212 1947 1361 2010 fabulam

364 2037 559 2102 scholiastes
573 2033 614 2097 sd
625 2033 658 2096 b.
672 2041 696 2096 1.
712 2051 746 2098 et
759 2035 876 2098 Suidas
889 2050 966 2098 tom.
981 2039 1022 2098 11.
1061 2057 1109 2122 ag.
1126 2035 1194 2120 159.
1209 2032 1270 2095 vbi
1285 2033 1360 2094 vide

365 2123 495 2186 Kiistcr.
541 2123 625 2180 Tum
641 2123 708 2203 ἵϋγξ
733 2119 862 2196 dicitur,
887 2057 1059 2208 quithuiri>
1061 2119 1203 2182 animum
1217 2117 1264 2180 at!
1276 2117 1359 2179 desi·

367 2207 493 2268 derium
514 2220 547 2266 et
568 2227 705 2266 amorem
729 2205 872 2288 pellicit,
898 2205 975 2289 quia
996 2203 1158 2267 veneficae
1179 2203 1359 2266 saeviente

367 2291 540 2352 utebantur
563 2287 603 2350 ad
624 2287 814 2350 irretiendos
835 2289 971 2351 animos.
1008 2310 1039 2352 v.
1063 2287 1238 2352 Suid'anr'l.
1253 2290 1304 2348 bn.
1327 2299 1359 2347 et

282 2419 286 2426 -
368 2376 497 2436 Salmas.
514 2371 662 2434 stolin.
676 2393 748 2458 pag.
760 2371 833 2438 662.
855 2373 1011 2457 Denique
1026 2375 1170 2457 ponitur,
1185 2371 1359 2434 00100010-

369 2480 419 2534 co,
442 2480 502 2540 ¹pro
517 2457 643 2518 rhombo
665 2478 720 2518 seu
736 2459 854 2534 trocho,
880 2479 974 2542 quem
992 2459 1153 2520 veneficae
1167 2477 1295 2520 versare
1310 2475 1357 2515 so·

367 2547 437 2606 lent
451 2540 492 2603 ad
505 2542 639 2603 amasios
656 2541 697 2602 ad
709 2562 847 2605 amorem
862 2539 1114 2619 inflammandos,
1135 2541 1208 2630 quia
1222 2557 1281 2601 aut
1294 2538 1359 2600 avi·

369 2629 539 2704 eulaius,
563 2641 619 2687 aut
637 2627 706 2688 eius
728 2629 866 2704 viscera,
890 2633 1015 2690 rotulae
1039 2625 1197 2711 adligata,
1221 2624 1360 2687 carmine

283 2767 287 2774 .
369 2713 508 2806 quodam
528 2711 652 2796 magico
672 2712 839 2789 adhibito,
864 2708 1170 2857 circumagebantur.
1205 2733 1237 2773 v.
1253 2708 1357 2772 Schol.

370 2799 411 2858 ad
428 2796 557 2870 Pindar.
573 2795 670 2874 Pyth.
689 2797 744 2858 IV.
761 2793 821 2860 581
839 2831 883 2846 ·-·
897 2793 969 2862 585.
1036 2817 1095 2859 em.
1111 2795 1167 2859 IV.
1182 2793 1233 2860 56.
1259 2809 1293 2857 et
1305 2793 1359 2852 Er·

370 2881 454 2941 nesti
475 2879 515 2940 ad
537 2879 750 2959 Xenophont.
762 2881 863 2941 Mem.
880 2882 967 2943 Socr.
981 2883 1039 2944 III.
1060 2887 1152 2958 1100.
1171 2901 1218 2956 17.
1243 2873 1358 2968 (inpri-

371 2964 431 3023 mis
451 2959 637 3022 Schneider.
654 2960 694 3022 ad
716 2962 749 3024 b.
763 2968 785 3025 I.
803 2964 837 3022 in
857 2963 935 3026 edit.
948 2987 976 3027 a.
995 2963 1111 3045 1816.)
1155 2965 1244 3026 Hinc
1265 2957 1358 3026 verti·

370 3061 423 3107 tur
443 3052 518 3108 loco
540 3059 650 3106 nostro
674 3047 921 3124 Zauberkrec'sel,
948 3063 1023 3112 etv.
1041 3047 1092 3114 50.
1112 3049 1231 3111 dicitur
1251 3045 1360 3134 ῥόμβος

372 3129 505 3218 χάλκεος.
535 3163 576 3176 -
609 3129 693 3192 Add.
712 3133 889 3218 Boettiger.
912 3133 947 3192 in
971 3131 1141 3195 Wielands
1164 3157 1238 3196 nen.
1262 3128 1359 3195 dtsch.

372 3215 481 3278 Mcrb.
506 3211 596 3278 1800.
617 3215 653 3275 P.
676 3216 732 3278 IV.
756 3239 789 3300 p.
811 3215 862 3280 56.
882 3218 1005 3302 Engeri
1027 3217 1119 3280 Obss.
1142 3220 1176 3278 in
1196 3219 1311 3280 Horat.
1330 3233 1358 3294 p·

375 3299 423 3363 16.
441 3321 487 3382 sq.
515 3301 611 3360 Harl.
656 3299 726 3361 Nos
748 3303 881 3384 insuper
903 3303 1038 3362 citamus
1058 3305 1082 3366 I.
1098 3304 1140 3365 H.
1156 3303 1307 3365 Vossium
1324 3294 1360 3356 td

374 3384 490 3466 Vir-gil.
507 3385 576 3442 Ecl.
594 3385 684 3459 VIII,
703 3383 753 3448 68.
767 3407 799 3468 p.
814 3385 886 3471 419.
911 3385 1057 3450 Huschk.
1072 3389 1164 3450 Ansl.
1182 3389 1252 3449 crit.
1268 3408 1299 3484 P,
1318 3381 1360 3445 15·

373 3491 419 3552 sq.
441 3467 571 3528 Scholia
587 3467 894 3551 adLycophr.Cass.
910 3469 1022 3534 ν.5ιο.
1036 3473 1146 3557 ibique
1154 3464 1359 3554 Thryllrtsch·

373 3567 441 3614 not.
485 3551 639 3636 Denique
657 3553 826 3614 Aelianum
849 3555 883 3614 in
900 3557 943 3618 H.
959 3557 998 3618 A.
1012 3557 1084 3619 XV.
1103 3577 1149 3642 ¹9·
1163 3571 1307 3618 nostrum
1318 3555 1360 3611 1⁰·

283 3707 287 3714 ¹
375 3659 446 3698 cum
462 3636 639 3717 respexisse
662 3638 789 3698 monuit
806 3639 936 3702 Ilciske.
979 3643 1095 3702 Kiessl.

334 3721 382 3789 18.
405 3721 520 3802 πρᾶτον
545 3723 616 3803 (pro
636 3723 766 3802 πρῶτον)
788 3717 928 3786 Brunck.
944 3740 976 3786 et
989 3725 1101 3788 VaIclt.
1119 3724 1207 3808 quod
1227 3724 1359 3786 editore·

283 3863 289 3872 .
372 3804 567 3868 recentiores
591 3822 790 3887 receperunt.
834 3809 888 3870 De
902 3806 1024 3876 τᾶκεταν
1043 3809 1123 3872 haec
1136 3810 1243 3872 Schol.
1259 3815 1359 3870 notat:

283 3959 288 3970 ,
374 3889 463 3968 ratde*
483 3885 645 3954 τάκεταν
665 3895 716 3955 ἐπὶ
745 3895 841 3974 κηροῦ
863 3901 916 3960 καὶ
944 3891 1047 3981 χιόνος
1069 3889 1359 3962 saltemsalter

374 3979 492 4058 λέγεται
508 3973 570 4037 τῶν
586 3973 652 4038 κατ’
669 3972 771 4058 οἩνον
785 3976 1043 4060 ἀναλισκομένων·
1066 3983 1203 4047 ἐνταῦθα
1219 3984 1251 4044 δὲ
1266 3972 1361 4043 ἁπλῶς

374 4053 442 4124 rival
458 4055 721 4124 salavationum
735 4067 972 4146 καὶφθείρονται.
996 4067 1072 4136 (His
1088 4064 1257 4128 Scholiast.
1274 4053 1360 4122 dicti·

377 4141 498 4207 Ileiske
518 4141 682 4228 attendere
703 4137 857 4223 debebat,
884 4171 925 4210 nc
945 4149 1076 4224 verbum
1091 4147 1216 4218 τάκπνι
1235 4144 1361 4208 nimium
