2918 5020
164 505 169 512 ι
211 415 518 516 τΗΕοοΜΤῙ
551 415 713 479 rnrnr
735 417 830 481 ron
857 419 1001 485 xxrx.
1058 421 1135 518 ,753

75 601 189 669 Tunc,
213 614 257 658 ne
272 567 305 654 ie
317 597 458 652 vocante
471 583 627 672 quidam,
650 585 691 650 ad
707 586 831 654 aulicas
844 587 934 656 fores

73 699 232 778 Veniam,
253 692 417 760 liberatus
431 710 533 755 saevo
551 687 726 788 desiderio.

88 887 1105 922 ......---------..

321 1031 867 1148 [aanvnnurvn

417 1174 632 1242 rurnrr
674 1179 793 1244 xxx.

156 1353 308 1418 Adonide
328 1351 500 1414 interfecto
523 1369 622 1434 quum
643 1349 755 1414 Venus
774 1373 903 1435 aprum,
933 1355 1032 1421 huius
1053 1361 1134 1423 faci·

70 1442 162 1506 noris
177 1455 359 1512 auctorem,
382 1434 499 1498 adduci
516 1435 669 1513 iussisset,
694 1437 751 1499 ille
767 1438 887 1500 crimen
902 1439 1027 1505 diluere
1037 1467 1134 1507 cona·
1211 1499 1218 1506 .

70 1542 134 1601 tur,
160 1527 312 1608 sepulcri
329 1523 422 1607 pueri
438 1540 544 1582 amore
558 1535 685 1603 captum
700 1523 823 1584 femora
841 1524 911 1586 eius
923 1530 1062 1589 osculari
1079 1553 1136 1592 vo·

70 1613 172 1676 luisse
186 1610 308 1672 dicens.
327 1604 460 1669 Deinde
475 1626 508 1666 se
525 1605 648 1667 Veneri
662 1605 766 1683 offert,
788 1621 824 1672 vt
837 1629 958 1692 poenas
973 1615 1134 1676 commissi

69 1697 197 1759 sceleris
218 1715 284 1756 ase
299 1700 414 1754 sums't.
456 1692 528 1751 Dea
550 1680 771 1752 misericordia
795 1711 973 1772 commota,
1003 1699 1135 1760 vincula

69 1782 154 1842 solvi
175 1778 282 1853 iubet3
314 1800 355 1840 ex
376 1797 441 1860 quo
462 1789 607 1857 tempore
627 1775 784 1840 Venerem
809 1782 893 1840 vltro
915 1783 1070 1866 sequitur.
1092 1817 1136 1835 -

66 1867 142 1930 Hoc
156 1864 312 1948 Idyllium
325 1877 389 1925 tam
407 1860 448 1924 ob
466 1874 687 1945 argumentum
702 1883 795 1946 quam
811 1862 852 1925 ob
866 1880 1002 1928 metrum
1023 1867 1133 1964 ⁴(cuins

66 2033 148 2098 haec
170 2048 219 2098 est
245 2031 346 2096 ratio:
372 2051 397 2093 e
425 2009 445 2082 ’-
472 2052 496 2093 n·
522 2009 540 2086 ’-
567 2051 592 2091 a·
617 2008 637 2084 '-
663 2047 696 2094 tr.
725 2030 802 2095 vide
828 2034 1006 2096 Hermsnui
1030 2037 1133 2101 Elem.

68 2121 172 2183 doctr.
188 2133 278 2181 metr.
292 2139 324 2200 p.
340 2118 427 2201 475.)
443 2117 482 2178 ad
498 2115 640 2178 carmina
660 2115 895 2181 Anacreontion
910 2121 1028 2183 referre
1044 2123 1134 2185 licet.

65 2206 241 2268 Adiectum
263 2222 391 2288 quoque
412 2217 461 2264 est
482 2201 520 2262 ab
542 2201 716 2262 carminum
741 2203 1049 2266 Anacreonticorum
1065 2205 1133 2269 edi·

69 2291 198 2353 toribus
222 2288 335 2350 horum
358 2285 555 2349 collectioni.
598 2284 660 2347 Sed
677 2287 713 2347 in
732 2289 962 2372 antiquissimis
978 2289 1133 2354 Theocri-

66 2390 196 2439 teorum
221 2371 437 2448 editionibus,
475 2369 614 2446 Aldina,
646 2370 859 2458 Calliergiana
882 2389 915 2434 et
934 2375 1134 2438 Loveniensi

66 2461 154 2522 inter
183 2457 374 2520 Theocritea
406 2455 534 2540 legitur.
584 2457 764 2517 Wartonus
798 2456 915 2519 haecce
944 2457 1133 2523 adnotavit:

66 2546 170 2623 „Hoc
183 2541 339 2625 Idyllium
350 2541 555 2604 Grammatici
569 2539 772 2602 Theocriteis
788 2541 1023 2625 adscripserunt
1038 2545 1072 2603 in
1088 2565 1136 2607 se·

64 2626 176 2692 cundo
193 2627 313 2689 Codice
330 2627 505 2688 Vaticano:
537 2624 595 2686 sed
609 2647 675 2686 non
692 2647 757 2686 esse
774 2625 954 2704 Theocriti,
979 2649 1050 2688 cum
1068 2651 1134 2693 me·

62 2715 106 2775 tri
121 2713 227 2788 ratio,
256 2727 326 2773 tum
341 2710 442 2796 magis
466 2711 535 2794 ipsa
552 2710 702 2771 carminis
721 2708 864 2786 indoles,
896 2710 983 2772 haud
1001 2711 1134 2778 obscure

62 2797 299 2861 demonstrant.
341 2796 543 2857 Anacreonti
566 2794 693 2881 quidem
717 2794 882 2856 tribuunt:
914 2810 945 2857 et
961 2819 1018 2879 per
1029 2820 1080 2859 me
1094 2799 1134 2859 li·

63 2899 135 2958 cet,
169 2883 255 2944 inter
277 2879 354 2942 odas
376 2881 447 2941 illas
464 2883 624 2966 argutulas
640 2877 727 2940 haud
750 2879 954 2942 incommode
972 2903 1134 2944 recensea-

63 2982 136 3042 tur,
170 2989 250 3051 quae
270 2966 329 3026 sub
352 2965 566 3026 Anacreontis
586 2964 718 3028 nomine
741 2963 1024 3026 circumferuntur.
1059 2969 1134 3030 Huc

63 3052 207 3113 forsitan
228 3051 374 3133 irrepsit,
407 3048 496 3133 quod
518 3047 661 3111 eiusdem
685 3050 812 3134 generis
830 3053 1132 3134 argumentumBio

64 3131 121 3222 [in
143 3135 328 3220 Ἐπιταφίῳ
353 3128 555 3216 Ἀδαῖνιδος],
592 3133 685 3195 cuius
714 3155 785 3195 cum
816 3134 1033 3198 Theocriticis
1053 3139 1132 3199 olim

61 3225 203 3284 confusa
221 3222 380 3296 carmina,
412 3218 615 3293 tractaverit;
649 3217 728 3300 quin
746 3231 793 3278 est
813 3232 922 3280 noster
937 3217 972 3279 in
987 3219 1132 3283 Adonis·

62 3307 164 3368 ausis.
189 3305 286 3367 Conf.
300 3303 408 3368 Schol.
435 3301 474 3364 ad
490 3302 641 3387 Euripid.
658 3302 833 3386 Hippolyt.
857 3325 887 3364 r.
907 3301 998 3368 1420.
1019 3319 1052 3366 et
1069 3307 1130 3368 ibi-

61 3390 136 3452 dem
159 3390 383 3452 Barnesium.“
406 3387 548 3449 Dahlius
569 3407 693 3448 carmen
708 3385 755 3446 ,ab
771 3386 946 3452 Theocrito
961 3409 1028 3450 non
1044 3390 1134 3451 abin·
1225 3407 1228 3412 ’

62 3473 176 3552 dicat,
200 3475 320 3560 quippe
335 3495 429 3560 quem
442 3493 508 3533 non
526 3487 649 3532 tantum
673 3471 706 3530 in
722 3472 907 3550 Bucolicis,
938 3472 1042 3535 sedin
1061 3476 1134 3536 aliis

61 3560 168 3622 etiam
195 3579 329 3643 poeseos
352 3556 522 3644 generibus
543 3557 732 3618 excelluisse
753 3571 887 3619 constet.
908 3593 951 3608 -
972 3559 1012 3618 Τ.
1031 3558 1133 3621 Faber

61 3643 105 3706 ad
127 3645 324 3706 Anacreont.
348 3645 418 3705 eius
438 3657 661 3726 argumentum
683 3655 859 3704 aveterum
882 3643 1131 3719 consuetudine,

60 3731 99 3792 in
125 3729 259 3815 pompis
279 3727 412 3790 deorum
435 3725 577 3789 ducendi
598 3730 743 3802 leaenas,
778 3748 890 3809 apros,
927 3728 1070 3812 aliasque
1096 3727 1133 3788 id

60 3837 172 3902 genus
201 3815 304 3890 feras,
334 3833 415 3898 quae
444 3809 620 3874 domestico
649 3831 708 3872 vsu
729 3812 966 3874 mansuefactae
989 3813 1131 3890 fuerant,

58 3897 279 3986 repetendum
294 3919 363 3960 essa
380 3910 497 3963 censet.
521 3895 618 3957 Cous.
641 3894 734 3978 ldyll.
749 3895 792 3960 ll.
810 3917 841 3958 v.
857 3897 909 3982 67.

487 4065 695 4084 *-

674 4243 762 4314 auu
857 4309 860 4316 ,
967 4220 970 4228 ’
