2796 5024
268 433 311 504 54
464 441 778 506 OEOKPITOY
802 441 897 502 ΕΙΔ
909 437 1121 502 YAAION
1145 427 1176 494 si.

278 611 374 710 Τῆιο
396 611 650 700 Amanicas,
676 606 723 687 τό
738 609 798 686 eei
811 605 1035 710 μακάρεσσιν
1049 602 1197 703 α’γατόι.

329 707 470 835 Ap'yeta
492 715 711 808 βωκολαιοῖς,
738 715 898 804 Μοῖσαι,
926 719 1003 803 ἴτε,
1030 707 1146 811 λήγετ’
1166 708 1312 790 αόιδᾶς.

271 816 375 896 'Eae
389 872 404 908 ,
429 815 573 908 οἷἰαξ,
595 816 655 890 καὶ
669 813 779 892 τάνδε
799 815 876 916 φέρ’
895 811 1091 892 adsciscam
1107 815 1313 910 μελίπτουν

276 918 343 997 'Es
362 921 463 1018 σαροῖ
483 915 636 1018 σύριγγα
658 914 791 1012 ιιαλοῖιι,
818 921 901 1019 περὶ
915 925 1031 1012 χεῖλος
1046 912 1199 994 diseede.

153 1085 158 1096 .
274 1021 338 1100 Ἦ
346 1018 416 1120 γολρ
431 1017 521 1116 dytis
538 1021 596 1098 ὑπ’
606 1023 771 1118 Ἔρατος
785 1029 819 1105 ἐς
833 1022 926 1119 ᾆδον
944 1029 1095 1118 ἕλκομαι
1111 1021 1188 1120 ἤδη.
1240 1023 1354 1122 Ι150

327 1121 472 1224 Λήγετε
486 1129 705 1221 stauai-maie,
730 1127 887 1217 Μοῖσαι,
913 1129 990 1215 ἴτε,
1015 1121 1131 1225 λήγστ’
1146 1124 1284 1207 αόιδᾶς.

279 1231 361 1303 Nais
377 1234 418 1302 ἴα
432 1230 501 1324 μὲν
516 1233 688 1326 φορέοιτο
701 1224 836 1324 βάτοι,
862 1233 1034 1327 φορέοιτε
1050 1225 1080 1302 ὅ
1098 1227 1272 1322 οἶααιθοι,

278 1330 331 1406 ‘A
354 1333 391 1406 lt
406 1327 500 1406 ααλιὶ
512 1328 702 1433 αοΙραισσος
717 1328 770 1408 ἐπ’
787 1327 1005 1432 σίριιεύθοισι
1021 1327 1191 1427 ιιομοίσαι·

345 1539 523 1622 Neptuno,
558 1561 625 1603 non
652 1540 733 1602 Pani
762 1537 823 1602 deo
851 1537 1025 1614 Arcadiae,
1053 1533 1132 1598 vndi
1154 1556 1196 1597 ue
1217 1557 1233 1598 s
1256 1541 1360 1600 mari

347 1641 542 1700 summotae;
565 1630 638 1688 leve
652 1625 738 1688 enim
752 1639 818 1701 est,
839 1623 926 1710 quod
939 1626 1116 1704 Lepreatae
1129 1557 1268 1684 drcades
1283 1622 1359 1684 ha-

347 1706 418 1769 beri
438 1709 603 1772 volebant.
625 1733 656 1773 v.
678 1709 825 1772 Siebelis.
838 1731 871 1793 p.
888 1707 960 1773 516.
983 1708 1136 1792 Denique
1151 1705 1237 1792 quod
1256 1709 1356 1770 Vos-

348 1792 416 1853 sius
432 1796 467 1855 in
480 1796 568 1856 notis
583 1794 712 1856 monuit
726 1793 766 1856 ad
773 1793 805 1856 h.
813 1799 834 1857 l.
857 1795 924 1854 Pan
938 1791 1138 1876 aDaphnide
1152 1791 1359 1854 inSiciliarn

348 1895 494 1955 vocatus,
519 1900 586 1940 non
600 1902 657 1963 per·
671 1881 820 1957 Helicen,
844 1879 900 1942 sed
914 1901 971 1962 per
984 1899 1068 1939 mare
1084 1877 1229 1938 lonicum
1242 1892 1277 1939 et
1292 1879 1360 1938 Si-

350 1967 459 2024 culum
479 1965 541 2026 iter
560 1964 709 2026 habebat.
753 1965 953 2108 Quampuam
973 1963 1053 2024 huic
1073 1977 1260 2048 argumento
1273 1983 1360 2024 non

347 2054 485 2110 multum
500 2049 686 2125 tribuerim,
710 2049 850 2110 simodo
888 2050 974 2110 oceri
988 2061 1107 2131 posset,
1131 2047 1268 2109 Helicen
1291 2049 1362 2108 fu-

350 2132 414 2195 isse
428 2133 464 2192 in
480 2133 611 2194 sedibus
624 2134 706 2194 Pani
720 2134 812 2194 caris.
834 2133 966 2217 Kiessl.]
991 2133 1221 2196 Valckenarius
1234 2147 1359 2194 tamen

349 2217 424 2278 fuse
447 2217 563 2300 probat
581 2217 695 2280 Lamb.
715 2217 809 2280 Bosii
829 2219 1047 2280 coniecturam
1069 2219 1104 2278 in
1117 2215 1207 2279 Obss.
1222 2217 1298 2278 crit.
1318 2239 1359 2300 p.

351 2299 403 2386 89.
425 2302 644 2384 propositam,
666 2303 774 2368 ‘attus
796 2302 910 2388 (genit.
933 2302 1034 2364 dorio.
1051 2301 1190 2365 nominis
1203 2301 1361 2384 proprii)

351 2389 386 2453 δὲ
403 2384 465 2450 λίπ’
478 2385 584 2468 ἠρίον,
608 2385 848 2473 scindendus,
871 2390 981 2470 linque
999 2402 1107 2449 autem
1123 2389 1304 2468 sepulcrum
1324 2400 1362 2448 et

350 2473 482 2532 sublime
499 2473 583 2531 illud
594 2486 828 2534 monueruntum
844 2476 993 2549 Helicae,
1011 2477 1172 2556 Isyeaams
1179 2473 1258 2550 filii.
1282 2470 1362 2532 Pu·

353 2570 425 2617 tant
445 2555 599 2617 nimiunn
625 2559 676 2618 illi
698 2557 879 2634 duumviri,
902 2558 1116 2642 Lycaoniden
1141 2557 1278 2618 Helicen
1293 2555 1362 2618 hic

352 2641 457 2714 fuisse
477 2646 657 2723 sepultum,
681 2657 792 2726 postea
815 2665 892 2707 vero
914 2645 1038 2704 incolas
1059 2641 1269 2703 inhonorem
1283 2641 1362 2703 He·

351 2727 452 2804 licae,
477 2749 495 2786 a
515 2749 581 2812 quo
595 2726 669 2789 vrbs
687 2728 809 2790 dicitur
823 2729 939 2790 Helice
953 2741 1138 2810 nuncupata
1156 2741 1189 2788 et
1203 2725 1359 2799 condita,

353 2817 502 2894 sepulcro
530 2812 792 2894 superaddidisse
819 2815 949 2896 insigne
968 2826 1221 2874 monumentum.
1250 2811 1361 2874 Harl.

352 2898 513 2957 Remanet
532 2895 659 2980 aliquid
679 2895 895 2958 difficultatis.
938 2897 1028 2959 Nolo
1052 2897 1137 2958 enirn
1160 2916 1361 2956 commemo·

354 3001 440 3053 rare,
465 2977 553 3037 hunc
574 2979 741 3058 Lycaonis
762 2980 866 3040 lilium
888 2980 974 3064 apud
989 2980 1179 3066 Apollodor.
1200 2981 1255 3054 ΙΙΙ,
1272 2985 1306 3052 8.
1332 3001 1365 3043 1.

354 3062 422 3124 dici
436 3060 568 3140 Ἕλικα,
589 3083 662 3122 uam
678 3063 740 3124 hoc
752 3065 942 3127 mutandum
957 3067 1020 3127 erit
1031 3068 1067 3128 in
1081 3066 1221 3139 Ἕλίκαν,
1243 3085 1365 3149 quem·

354 3145 527 3211 admodum
550 3146 585 3206 in
607 3146 717 3230 Steph.
738 3149 818 3252 Bpa.
839 3151 875 3210 in
894 3151 1004 3230 Ἑλίκη
1025 3187 1069 3202 -
1102 3149 1228 3213 ΒστΙοτΙ.
1249 3148 1365 3210 ecdd.

354 3246 387 3294 ct
403 3227 553 3292 Eustath.
568 3231 700 3314 scripsit
711 3229 774 3302 ἀπο
789 3235 899 3302 Ἕλικα
916 3239 971 3304 τοῦ
984 3234 1159 3312 Λυκάριος·
1184 3231 1240 3294 sed
1255 3255 1367 3317 quum

354 3338 403 3378 tes
417 3317 584 3396 Lycaonis
601 3330 633 3376 et
646 3317 908 3396 Lycaonidarum
924 3321 965 3383 ad
972 3320 1141 3384 Arcadiam
1155 3317 1364 3402 pertineant,

259 3431 264 3438 ¹
281 3396 285 3404 ’
356 3420 497 3486 quonam
514 3399 585 3460 iure
600 3401 657 3460 illa
671 3401 805 3480 Helice,
827 3405 901 3468 vrbs
916 3405 1069 3482 Achaiae,
1095 3403 1133 3466 ab
1149 3403 1212 3463 hoc
1225 3404 1368 3484 Lycao·

356 3489 408 3546 nis
431 3483 500 3544 filio
523 3483 654 3546 condita
680 3499 713 3548 et
735 3511 846 3550 nuncu
872 3506 922 3551 ata
938 3513 1024 3568 esse,
1049 3511 1115 3578 quo
1131 3489 1201 3548 iure
1217 3488 1288 3570 ipse
1314 3487 1369 3547 ibi

357 3574 504 3652 sepultus
526 3591 596 3630 esse
617 3567 766 3632 dicetur?
791 3513 931 3636 Vidistur
952 3577 1054 3661 igitur
1067 3575 1130 3636 alia
1147 3571 1284 3650 Helice,
1313 3595 1371 3634 ea·

358 3676 420 3756 que
442 3653 478 3713 in
494 3651 632 3714 Arcadia
649 3655 832 3738 quaerenda
849 3680 928 3723 esse.
971 3663 1088 3724 Kiessl.

317 3745 387 3810 mo.
410 3733 542 3820 οἱγατόι,
573 3740 765 3817 venerabile,
797 3747 1017 3825 reverendum,
1049 3757 1241 3828 aregustum,
1267 3741 1369 3826 Lips.

381 3821 517 3885 robante
551 3822 707 3899 Reiskio,
743 3841 775 3887 et
807 3831 956 3912 reposuit
988 3854 1029 3893 ex
1056 3831 1160 3891 tribus
1191 3827 1370 3889 Caesareis

357 3849 500 3974 Hunos.
523 3905 580 3968 sed
605 3906 736 3994 α’γαστδν
761 3935 891 3998 quoque
912 3917 1047 3998 dignum
1068 3917 1288 3976 admiratione
1306 3929 1368 3974 est.

356 3995 494 4056 Versum
524 4008 708 4077 sequentem
735 3999 893 4080 expressit
921 4000 1079 4086 Virgilius
1101 4002 1171 4060 Ecl.
1198 3997 1287 4060 Vlll.
1312 3997 1367 4062 61.

358 4077 457 4144 Harl·
479 4076 616 4172 'Iiectio
633 4077 759 4162 dyada
781 4081 900 4143 nititur
929 4085 1123 4148 auctoritate
1144 4082 1369 4185 plurimorum

361 4163 452 4238 edd.²
476 4181 511 4220 m
535 4159 609 4222 aliis
630 4177 663 4224 et
684 4163 734 4228 ed.
755 4165 842 4256 lunt.
857 4167 985 4256 ἀγητόν,
1008 4173 1043 4232 in
1058 4191 1124 4232 vno
1138 4163 1270 4253 apscede.
1304 4170 1371 4231 Re·
