2872 5018
275 453 981 561 rusocusrsruromou-sx.
1098 497 1159 582 275
1247 513 1254 530 =

17 599 19 676 i
111 665 210 756 Quod
221 664 309 732 olim
326 685 388 751 ego
401 663 466 732 illis
481 685 640 754 praesens
663 662 768 732 cecini
783 664 981 754 pastoribus.

108 767 281 856 Nunquam
294 765 331 833 iu
346 769 461 866 lingua
476 781 628 834 extreme
639 768 811 856 pustulam
828 765 1041 853 produxeris.

76 931 78 937 ,
109 867 227 936 Cicada
241 867 375 935 cicadas
392 868 502 934 amisa
521 880 591 952 est,
613 867 776 935 formicae
788 863 939 964 formica,

17 1027 18 1034 ,
112 968 291 1059 Accipitrss
307 969 542 1062 occipiti-ibose
571 971 657 1056 milri
668 984 784 1038 sutem
798 990 934 1038 carmen
947 982 981 1038 st
991 972 1103 1046 Musa.
1154 1017 1158 1024 -

109 1104 312 1126 ,ιι-*η

164 1167 266 1228 malit.
309 1171 490 1232 Wartonus
506 1192 574 1234 non
597 1169 705 1232 omnia
719 1169 755 1231 in
772 1165 836 1232 hoo
858 1169 998 1234 carmine
1021 1174 1166 1260 genuine

164 1269 230 1314 esse
243 1254 434 1338 suspicatur.
478 1259 575 1318 Harl.
801 1321 806 1329 ,
837 1254 839 1262 ’
1088 1329 1090 1334 Ι

127 1332 175 1402 30.
198 1337 316 1400 Sensus
339 1355 403 1402 est:
436 1339 728 1408 uonmeudacium
752 1355 816 1416 est,
844 1360 949 1426 neque
973 1339 1163 1420 verendum,

164 1443 205 1485 ue
217 1429 382 1506 pustulae,
406 1423 568 1487 mendacii
585 1447 710 1510 poenae
725 1441 758 1488 et
776 1423 917 1500 indices,
943 1447 960 1487 e
975 1424 1087 1510 lingua
1105 1443 1162 1490 tua

165 1504 377 1570 efflorescant.
422 1509 574 1572 Veterum
597 1511 682 1572 enim
707 1505 774 1571 fuit
795 1509 1016 1590 superstitiose
1033 1511 1162 1594 opinio,
1226 1555 1228 1558 -

166 1611 233 1667 tos,
258 1593 375 1676 quibus
395 1593 430 1654 in
447 1617 537 1671 naso,
563 1600 616 1657 vel
635 1595 759 1680 lingua,
783 1591 962 1670 tubercula,
987 1607 1022 1655 vt
1037 1595 1165 1672 lit,''sut

167 1677 230 1752 alia
245 1677 434 1740 huiusmodi
449 1679 528 1742 vitia
542 1680 576 1740 irs
591 1679 698 1764 aliqua
713 1679 797 1741 cutis
814 1692 904 1762 purte
922 1677 1095 1757 orirentur,
1109 1685 1164 1744 vel

167 1763 321 1824 mentitos
346 1783 430 1840 esse,
453 1769 506 1826 uel
530 1763 714 1847 depositum
739 1783 806 1826 non
821 1759 1014 1841 reddidisse,
1040 1765 1163 1826 velali-

167 1844 248 1930 quid
262 1844 404 1930 denique
419 1848 542 1910 fraudis
558 1848 731 1910 admisisse.
755 1869 785 1910 v,
803 1845 937 1908 Casaub.
952 1850 1042 1911 leott.
1058 1849 1164 1911 Theo·

167 1931 239 1994 crit.
255 1931 523 1996 o.10.etReislse.
546 1935 707 1996 Wartono
722 1954 798 1995 vero
814 1929 869 1992 hic
885 1952 1006 2010 versus,
1022 1933 1077 2019 qui
1092 1933 1164 1997 aD.

166 2014 307 2077 Heinsio
326 2015 362 2077 iu
377 2019 508 2080 metrice
524 2017 621 2080 huius
634 2016 744 2100 Idyllii
758 2017 906 2080 versione
946 2039 1054 2078 rossus
1069 2017 1164 2080 omit·

164 2099 258 2178 titur,
281 2101 409 2184 spurius
425 2123 493 2164 esse
510 2102 649 2164 videtur.
672 2104 769 2164 Harl.
804 2100 908 2185 ·1‹1yu·.
954 2103 995 2165 11.
1010 2103 1061 2168 25.
1073 2124 1120 2190 sq.

270 2201 964 2343 Virided-(lsudiuiisidpdis:is'vsssiiut‘isoissisiWsiVsipo'sss.v

165 2351 250 2417 Add.
265 2355 504 2419 Mitscherlich.
520 2356 560 2418 ad
585 2357 698 2420 Horat.
724 2356 786 2420 od.
798 2359 841 2419 11.
865 2353 896 2420 8.
911 2355 984 2418 init.
1006 2387 1050 2406 -
1072 2357 1164 2422 1311.

166 2437 302 2504 Vossius
316 2440 356 2502 sd
371 2443 486 2529 Virgil.
501 2443 568 2506 Ecl
577 2443 650 2506 Vll.
665 2464 696 2526 p.
706 2440 776 2508 558.
789 2463 848 2526 pro
863 2438 960 2528 φύσῃς
974 2441 1056 2525 legit
1069 2439 1164 2530 φύσῃ,

164 2524 271 2603 scilsi
283 2523 359 2610 up’dsi·
388 2547 482 2612 quum
501 2527 676 2590 lectionem
693 2527 826 2589 Vossius
847 2523 933 2586 filius
954 2527 989 2585 iu
1009 2547 1116 2612 progr.
1132 2548 1165 2610 p,

168 2607 219 2674 52.
235 2610 285 2671 sio
307 2611 553 2696 interpretatur:
577 2633 614 2672 ue
627 2612 766 2692 posthae
787 2614 1019 2670 s‘n'summs‘tats
1031 2612 1166 2692 linguas

166 2715 256 2755 υκαι
272 2699 445 2776 pustulam
455 2697 617 2778 producat
633 2715 758 2756 carmen
779 2695 863 2755 illud
880 2698 985 2756 minua
997 2695 1068 2756 bena
1080 2700 1167 2776 r'epe-

169 2783 274 2842 titum.
312 2781 463 2866 namqui
485 2801 609 2844 carmen
630 2784 713 2844 male
734 2777 919 2865 repetierit,
950 2800 1023 2840 eum
1043 2787 1165 2862 poenas

171 2861 262 2942 dare,
286 2871 416 2947 pustula
438 2866 472 2925 in
488 2881 626 2928 extrema
647 2866 760 2950 lingue
781 2877 903 2926 exorta.
945 2861 1081 2925 Vossius
1096 2864 1166 2946 opi·

171 2969 251 3011 nans
268 2949 463 3012 scholiastes
478 2951 524 3012 sic
539 2950 665 3035 legisse,
688 2948 776 3012 haud
793 2945 890 3010 dubie
903 2947 1039 3012 fallitur.
1061 2983 1104 2994 -
1126 2951 1165 3010 Iu

174 3032 234 3096 Cd.
250 3033 443 3096 Schellersh.
458 3035 719 3120 legiturpvosig,
743 3035 778 3094 iu
792 3033 856 3094 alio
870 3029 942 3094 cod.
958 3032 1042 3115 apud
1060 3032 1164 3098 Gaisf.

172 3115 296 3200 φύσεις,
321 3119 532 3204 similiterque
547 3117 697 3182 Eustath.
721 3123 759 3182 11.
771 3145 796 3185 ε.
817 3137 851 3202 p.
864 3113 944 3202 594,
968 3115 1019 3180 26.
1032 3144 1075 3174 =
1089 3115 1164 3194 452,

172 3204 223 3268 25.
237 3205 342 3288 ὥσπερ
354 3201 484 3280 ὀλολὺζω
497 3201 659 3285 silolvyos'v,
679 3202 774 3288 rosidos
786 3199 916 3288 τρυγών.
936 3201 1016 3269 οὕτω
1029 3207 1081 3269 καὶ
1094 3200 1167 3271 dlo-

113 3307 116 3316 “
197 3279 252 3366 sicus
272 3286 464 3372 dlouuydois,
494 3289 536 3365 oio
556 3287 591 3354 sd
614 3287 803 3374 o’loov'ydo'ru
824 3283 941 3371 φύσεις.
984 3285 1068 3349 Vide
1089 3309 1167 3350 eun·

170 3313 244 3434 dem
267 3371 309 3434 ad
329 3373 369 3436 Il.
391 3379 415 3448 ζ’.
435 3395 467 3458 p'·
487 3369 569 3450 645,
593 3371 643 3437 55.
659 3371 794 3452 2503,
824 3371 875 3436 46.
898 3366 997 3459 pssunt·
1017 3371 1166 3456 Calli'erg.

174 3457 322 3519 Grsefius
339 3457 470 3520 scribit:
498 3453 592 3541 μήτι
611 3456 654 3537 δ’,
682 3463 736 3522 vel
756 3457 809 3542 μή
828 3455 854 3525 d'
875 3457 931 3544 ἄρ’
952 3459 1004 3525 s'ssl
1025 3452 1167 3542 γλώσσας

173 3540 273 3628 ἄκρας
293 3539 484 3627 silopuyddsss
510 3541 560 3631 pv'
567 3571 628 3613 σω.
682 3544 758 3609 Vox
779 3544 885 3627 μηκέτι
904 3542 1165 3628 potest-servum,

173 3647 247 3698 narn
261 3627 393 3691 fortiter
407 3643 515 3714 negat,
539 3643 576 3692 vt
589 3628 684 3692 Pind.
697 3628 747 3691 01.
763 3631 789 3693 1.
805 3651 836 3716 7.
864 3627 920 3689 Sic
933 3648 1167 3711 nonnunquam
1266 3650 1268 3666 ¹

111 3851 113 3855 Α
173 3718 1000 3879 4ῗὲἱὲῗὶιιῖἶ“ἓέΐ..·.”ἵῖ’ἕ’ἕῧὲἱ’...ῗῖ..ἶῖἑζῖἵ
1027 3731 1169 3858 llll

176 3881 272 3944 etiam
293 3875 404 3966 φύσεις
417 3888 471 3945 vel
491 3887 598 3968 possis·
611 3882 855 3967 praeferendum
876 3903 952 3945 esse.
997 3879 1043 3942 At
1066 3879 1169 3944 omnis

174 3961 274 4026 huius
295 3989 406 4029 versus
429 3967 619 4030 emendandi
639 3967 724 4030 ratio
748 3968 869 4028 ineerta
891 3980 957 4040 est,
986 3986 1079 4052 quem
1102 3984 1170 4026 non

177 4049 247 4112 sine
292 4052 498 4115 robabilitste
519 4051 679 4115 iudicavit
697 4053 749 4116 vir
770 4050 885 4114 doetus
900 4051 936 4111 in
952 4051 1088 4136 Ephem.
1104 4051 1170 4111 Ha-

176 4136 257 4196 lens.
269 4073 327 4197 iic
342 4158 411 4199 non
425 4159 483 4199 suo
497 4140 571 4201 loco
585 4139 662 4223 legi.
705 4139 821 4198 Ks'essl.

92 4301 96 4306 .
131 4215 188 4285 52.
210 4223 278 4307 ἴρηξ
296 4219 323 4289 d
344 4226 442 4308 ἴρηξον
460 4220 537 4309 ripis
558 4220 619 4286 Cd.
636 4223 744 4298 Flos,
769 4226 841 4367 spol
855 4223 889 4294 dl
906 4222 1001 4306 psoius
1020 4233 1085 4282 tres
1100 4209 1172 4279 alii:

297 4345 299 4350 ·
408 4351 411 4360 ,
825 4325 842 4369 2
