2816 5014
513 1315 1049 1428 'senonensem

626 1528 880 1588 IDYLLII
927 1532 971 1585 II.

354 1686 534 1765 Simaetha,
556 1691 666 1772 puella
691 1688 906 1771 symma,
930 1687 1102 1756 mediocris
1125 1688 1330 1753 conditionis

268 1803 469 1898 (φο-74),
494 1829 595 1892 quum
614 1829 649 1870 se
670 1829 689 1870 a
710 1807 895 1892 Delphide,
920 1830 1015 1892 quem
1040 1807 1183 1892 deperit,
1217 1815 1328 1896 negle-

269 1945 353 1992 ctsm
367 1924 494 2004 videat,
518 1926 677 2010 novisque
692 1946 764 1986 eum
778 1927 939 1989 amoribus
956 1927 1117 1990 irretimm
1130 1927 1325 2011 suspicetur,

267 2046 518 2110 incantamentis
527 2047 621 2130 pueri
631 2045 771 2130 animum
778 2043 819 2106 ed
833 2067 868 2108 se
877 2067 1028 2109 revocare
1044 2062 1191 2113 conatur.
1215 2047 1327 2133 Quare

266 2182 380 2244 noctu,
403 2167 500 2228 Luns
517 2163 717 2241 imminente,
740 2186 865 2226 ssorum
877 2165 1025 2228 instituit
1038 2167 1210 2254 magicum,
1230 2169 1327 2230 cuius

265 2287 350 2348 ritus
374 2287 477 2347 oculis
498 2291 657 2346 lectorum
673 2282 891 2346 subiiciuntur
903 2307 934 2345 v.
952 2284 1075 2351 1-62.
1120 2287 1269 2373 Quorum
1283 2287 1325 2348 ri·

265 2420 358 2466 tuum
381 2403 461 2466 haec
482 2403 688 2486 potissimum
707 2417 757 2464 est
779 2403 880 2481 ratio,
904 2421 958 2482 vt,
984 2427 1067 2491 queo
1089 2406 1250 2468 inanimae
1276 2427 1327 2466 res

264 2523 453 2609 patiuntur,
479 2521 590 2590 eadem
611 2520 727 2600 huius,
753 2523 810 2606 qui
834 2524 968 2608 magicis
985 2524 1109 2587 artibus
1126 2526 1267 2608 petitur,
1294 2540 1328 2587 et

266 2621 441 2727 eorpuset
463 2643 606 2703 animum
630 2643 771 2727 graviter
792 2643 923 2707 afficere
942 2644 1180 2707 existimentur.
1203 2643 1325 2722 (Cous.

264 2765 379 2826 Horat.
397 2763 495 2826 Serm.
509 2761 536 2826 Ι.
552 2758 584 2826 8.
605 2761 712 2844 Epod.
733 2783 780 2843 ¹7·
814 2764 939 2823 Similia
954 2765 1090 2824 fortasse
1106 2779 1327 2844 repraesenta·

264 2896 355 2944 verat
367 2880 547 2963 Sophocles
563 2879 596 2938 in
613 2876 812 2960 Ῥιζοτόμοις,
829 2899 923 2960 quam
936 2877 1136 2961 tragoediam
1152 2899 1212 2961 pro
1226 2879 1328 2942 fonte

265 2999 411 3064 omnium
425 2994 610 3058 istiusmodi
631 3016 797 3056 scenarum
814 2994 914 3056 habet
929 2997 1094 3079 Boettiger
1107 2997 1143 3056 in
1158 2995 1243 3060 libro
1264 2999 1325 3082 qui
1394 3077 1395 3082 η

263 3113 473 3190 inscribitur,
508 3113 543 3174 V
539 3115 779 3196 asengamrilds,
811 3115 850 3178 T.
870 3114 896 3175 Ι.
916 3134 943 3182 2.
958 3136 990 3199 p.
1011 3115 1100 3201 175.)
1122 3116 1325 3180 Incantatio-

263 3233 361 3296 nibus
383 3230 452 3291 illis
473 3231 632 3316 peractis,
658 3253 756 3317 quum
779 3233 946 3316 Thestylis
963 3233 1079 3295 ancilla
1099 3235 1250 3313 abiisset,
1274 3237 1325 3298 Si·

246 3350 390 3415 ·meetha
409 3350 526 3412 amoris
550 3347 602 3410 sui
623 3349 659 3412 in
680 3351 881 3436 Delphidem
905 3353 1063 3438 originem
1082 3369 1115 3417 et
1134 3376 1325 3440 progressus

261 3469 318 3550 (64
332 3467 480 3549 4144),
503 3483 572 3532 tum
591 3467 746 3554 perfidiae
768 3472 837 3532 eius
854 3473 1074 3560 suspicionem
1090 3509 1134 3525 —
1151 3475 1228 3555 157,
1251 3475 1323 3536 Lu·

263 3609 346 3667 nae,
369 3589 567 3676 magicorum
582 3611 744 3653 sacrorum
759 3591 917 3674 praesidi,
942 3593 1060 3656 diserte
1076 3610 1214 3658 enarrat.
1250 3597 1321 3656 De-

264 3709 366 3800 nique
395 3729 518 3792 puero,
554 3708 620 3796 nisi
654 3709 694 3770 ad
716 3709 884 3794 pristinam
908 3711 1179 3776 consuetudinem
1199 3713 1320 3788 redeat,

265 3826 473 3912 gravissimas
493 3849 615 3910 poenas
626 3829 806 3894 minitatur.
823 3867 863 3880 —
892 3833 966 3894 Hoc
979 3831 1136 3914 Idyllium
1151 3846 1256 3893 totum
1274 3844 1323 3894 est

265 3967 306 4010 err
335 3945 467 4020 mimico
492 3968 628 4030 poeseos
652 3970 787 4034 genere,
820 3950 907 4036 quod
930 3951 1082 4035 Sophron
1102 3952 1323 4034 Syracusanus

264 4069 319 4162 rel
339 4065 484 4141 invenit,
509 4070 562 4128 vel
576 4065 726 4151 inprimis
741 4070 925 4132 exornavit.
970 4069 1046 4155 Quo
1063 4068 1230 4150 reiereuda
1247 4081 1325 4131 sunt

263 4183 344 4250 haee
364 4182 472 4273 graeci
494 4186 675 4272 argumenti
690 4188 806 4254 verbs:
829 4186 885 4268 τήν
899 4192 932 4258 δὲ
948 4184 1116 4262 θεστύλιδα
1130 4191 1150 4258 ὁ
1166 4188 1325 4278 θεόκριτος
