2886 5022
169 459 175 484 '
277 466 581 531 ruaoosurr
608 467 882 532 ruricios
911 469 1022 536 x111.
1120 466 1178 541 551
1276 511 1279 518 ·

127 643 172 710 Et
186 641 288 722 clava,
312 659 414 725 quam
427 659 559 734 semper
575 638 693 704 dextra
710 637 781 704 eius
801 661 923 706 manus
937 638 1097 729 capiebat.

126 742 198 812 Ter
206 744 316 832 Hylan
332 741 500 818 clamavit,
509 752 669 828 quantum
684 739 893 830 profundum
904 753 1026 828 guttur·
1040 745 1183 831 valebat,

125 846 170 912 Et
185 857 236 912 ter
252 868 335 934 puer
350 841 498 908 audivit:
521 845 681 930 exilisque
698 844 789 912 venit
802 867 872 911 vox

124 949 179 1017 Ex
197 949 311 1030 vndis3
333 957 366 1012 et
386 968 494 1032 quum
514 944 672 1037 proxime
693 947 834 1031 adesset,
857 947 975 1038 procul
993 947 1109 1017 abesse
1128 951 1184 1018 'vi-

707 1047 861 1115 debatur.

123 1149 237 1220 Veluti
252 1171 357 1237 quum
371 1159 519 1216 comatus
531 1151 601 1230 leo,
623 1152 742 1240 procul
757 1148 886 1220 audito.

123 1254 265 1320 Hinnuli
277 1255 434 1334 clamore,
457 1275 562 1340 quum
575 1255 627 1342 leo
642 1265 800 1320 cruentus
814 1253 851 1320 in
863 1253 1037 1324 montibus

122 1357 178 1424 Ex
192 1355 292 1424 cubili
308 1356 377 1422 ruit
391 1354 636 1446 paratissimam
654 1355 696 1424 ad
709 1379 868 1424 coenam:

123 1547 334 1568 *-

189 1653 343 1738 Sophocl.
364 1651 480 1718 Tracb.
499 1653 571 1718 51⁴1.
590 1652 676 1730 Ere,
700 1653 755 1714 vbi
778 1669 993 1718 memorantur
1013 1661 1180 1731 παλίντονα
1239 1663 1240 1666 ’

188 1735 277 1818 τόξα,
299 1755 336 1801 vt
350 1739 436 1823 apud
456 1740 586 1800 Homer.
603 1736 695 1806 IIIMI.
711 1737 801 1801 VIII·
818 1739 889 1806 266.
905 1740 926 1805 I.
944 1761 972 1804 e.
988 1749 1033 1820 εἰς
1046 1745 1179 1814 τούπίσω

189 1823 362 1908 πινόμενα,
390 1838 428 1884 vt
442 1823 564 1899 Sobel„
599 1837 655 1884 aut
669 1822 858 1892 dameam
877 1823 899 1904 ἤ
912 1829 964 1892 tet
977 1827 1095 1914 θάτερα
1110 1860 1181 1915 πμ.-

185 1912 314 1996 πόμενα,
336 1922 372 1972 vt
386 1907 529 1990 Hesycb.
546 1906 579 1968 b.
593 1929 619 1969 e.
635 1929 702 1970 non
718 1909 881 1972 circularis
896 1930 998 1991 arcus,
1023 1914 1078 1976 sed
1093 1934 1179 1982 retro

187 2010 316 2057 vertens
337 1993 395 2056 sub
410 1991 672 2056 extremitatibus
692 1993 728 2054 in
749 2015 862 2056 curvas
884 1999 1061 2060 contrariae
1080 1999 1179 2064 flexu-

185 2101 258 2156 rae,
281 2081 457 2161 interprete
471 2075 699 2148 Wakefieldio.
743 2079 822 2140 Erat
842 2081 930 2143 enim
951 2103 1042 2143 arcus
1057 2087 1179 2167 scythi-

186 2187 259 2240 cus,
283 2180 319 2226 vt
333 2161 568 2247 quodammodo
589 2162 714 2224 literam
726 2163 916 2241 Zteferret,
939 2165 1024 2230 vnde
1038 2189 1056 2228 a
1071 2171 1179 2252 Lyco.

184 2250 310 2334 phaone
325 2269 398 2310 curis
412 2246 549 2317 dracoue
565 2263 774 2328 comparatur.
818 2249 916 2312 Couf.
934 2270 1013 2331 quos
1028 2251 1070 2314 ad
1082 2255 1178 2319 istum

186 2333 415 2418 Lycophronis
430 2337 535 2394 locum
551 2331 632 2392 citat
644 2332 816 2396 Miillerus.
858 2336 975 2396 naret

145 2415 199 2491 58,
220 2415 326 2504 ἤρεψε]
351 2417 447 2479 Coaf.
468 2415 653 2479 Schneider.
668 2417 703 2477 iu
724 2422 790 2482 lex.
807 2439 854 2502 gr.
868 2441 894 2482 s.
911 2441 942 2482 v·
954 2416 1063 2506 s'psiyss.
1106 2425 1178 2488 Vir.

187 2507 241 2592 gil.
255 2505 325 2566 Ecl.
340 2504 396 2565 VI.
408 2500 449 2566 45
463 2521 532 2582 sqq.
547 2498 660 2586 ibique
673 2501 766 2564 Voss.
778 2503 899 2586 piro.⁴
910 2504 1067 2570 Meminit
1080 2507 1179 2572 buius

184 2591 252 2658 loci
275 2587 468 2732 Euetathips
486 2583 526 2649 ad
544 2585 686 2669 Dionys.
707 2586 831 2671 Perieg.
851 2587 924 2664 805.
941 2611 974 2674 p.
992 2609 1059 2678 107.
1074 2591 1105 2657 b.
1128 2594 1178 2656 ed.

185 2677 239 2739 Ste
263 2674 296 2736 b.
342 2675 457 2733 Kissa.

144 2753 194 2848 59.
217 2699 383 2828 disiectos»
399 2753 541 2818 Brunck.
572 2753 728 2838 Compara
751 2753 861 2838 Apoll.
882 2755 947 2820 Rb.
961 2755 990 2822 1.
1013 2755 1094 2822 1240
1111 2781 1177 2846 sqq.

184 2848 329 2929 Propert.
352 2845 378 2904 Ι.
402 2861 452 2904 ao.
474 2837 516 2904 48
529 2861 596 2926 sqq.
620 2839 760 2923 quirem
780 2844 878 2924 paulo
902 2842 995 2905 aliter
1018 2845 1179 2912 tractavit.

185 2933 250 2992 Ter
264 2926 451 2990 inclamavit
469 2946 556 2986 more
572 2939 737 2988 consueto.
781 2923 866 2990 Vide
880 2925 988 2992 Schol.
1003 2943 1035 2990 et
1046 2928 1178 2995 Barnea.

185 3015 226 3078 ad
243 3016 373 3076 Homer.
389 3009 504 3092 Odyss.
521 3009 577 3074 IX.
593 3007 644 3073 65.
687 3011 784 3072 Harl.

144 3097 194 3168 60.
216 3096 353 3178 παρεών,
374 3095 661 3170 scitissimos
682 3097 850 3158 Hercules·
872 3131 914 3148 -·
934 3099 997 3164 εἶδε
1016 3093 1054 3166 ri
1071 3091 1179 3185 πόρ’ῥω

184 3183 304 3248 Reisire
324 3205 364 3246 ex
383 3179 516 3266 ingenio
543 3178 651 3259 dedit,
675 3179 763 3266 quod
781 3183 1026 3265 interpretatur:
1050 3187 1179 3260 tametsi

207 3291 279 3350 rope
285 3270 399 3348 Hylan
410 3277 480 3324 erat
487 3265 650 3337 Hercules,
661 3267 869 3348 longinquum.
882 3281 987 3328 tarmis
999 3269 1175 3348 spectabat,

181 3293 218 3416 b.
232 3376 260 3418 e.
272 3351 452 3416 sectabatur
472 3364 506 3410 et
519 3348 652 3494 quebst
670 3347 907 3436 profectionem
926 3353 961 3414 in
984 3357 1057 3414 locs
1076 3375 1177 3415 remo·

186 3439 288 3513 tiore,
312 3434 518 3510 existimans,
578 3439 652 3516 ylau
677 3439 790 3517 procul
812 3455 830 3496 a
853 3458 886 3498 se
908 3436 1039 3502 distare.
1083 3437 1177 3522 Quae

183 3522 320 3584 mutatio
335 3523 426 3580 nullo
443 3517 540 3580 modo
554 3518 682 3601 probari
697 3533 813 3602 potest.
855 3523 970 3584 Kiessl.

143 3605 193 3676 61·
217 3604 303 3674 irrisi
322 3638 367 3654 ⁴-
386 3608 550 3678 isauricae
565 3603 705 3666 Brunca.
722 3617 754 3666 et
768 3600 855 3670 dads’
871 3606 934 3668 ism
947 3607 1177 3670 Wintertonus

183 3693 253 3754 sine
278 3687 427 3752 codicum
448 3689 657 3765 auctoritate,
679 3687 911 3753 Valckenarius
934 3707 1040 3752 sutem
1055 3711 1094 3752 ex
1111 3711 1174 3754 vno

184 3775 257 3840 cod.
273 3775 475 3856 scripserant.
495 3805 538 3821 —-
560 3771 717 3856 Compara
739 3774 835 3836 Hom.
857 3775 950 3839 Iliad.
967 3775 1090 3838 XVIII.
1104 3771 1175 3840 518.

184 3862 292 3944 Apoll.
309 3857 372 3919 Rb.
387 3857 411 3919 1.
428 3856 517 3920 1245.
540 3853 629 3922 1261.
644 3857 746 3922 Valet.
763 3860 866 3921 Flacc.
882 3863 939 3922 III.
957 3859 1029 3927 581.
1045 3861 1175 3926 Lucret,

179 3945 227 4008 11.
249 3943 322 4010 555.
345 3957 377 4005 et
397 3943 595 4022 Brettingsrs'
620 3941 771 4004 oritiscbe
797 3943 1015 4029 Abbandlung
1034 3963 1100 4006 von
1122 3941 1177 4004 der

181 4029 287 4092 Natur
299 4063 343 4078 -
357 4027 413 4090 der
427 4025 640 4088 Gleicbnisse.
662 4027 789 4111 Tiguri,
808 4030 1022 4115 17do.p.219.
1040 4047 1098 4114 297
1109 4048 1175 4112 sqq.

181 4113 331 4197 inprimis
347 4127 423 4176 sect.
438 4112 479 4173 X.
494 4132 526 4194 p.
541 4111 603 4198 509
617 4133 686 4198 sqq.
730 4113 826 4176 Harl.

16 4275 18 4290 Ι
44 4263 49 4274 ,
140 4197 191 4266 60.
212 4197 263 4266 65.
285 4198 568 4284 φθηξαμίναςηῒς
581 4199 612 4264 Is
625 4197 733 4284 dorosa
747 4196 846 4286 ω’μυφ.
862 4193 1173 4290 interpungit'lleis·
