2874 5018
554 1097 990 1187 -ΝΟΜΕῙΣ,

276 1279 401 1388 BA
421 1277 673 1388 Troe
717 1313 818 1375 K...
856 1233 1321 1397 ΗσΡΥΔσΝ.

553 1507 979 1573 ΕΙΑΤΛΛΙΟΝ
1015 1500 1051 1572 ὅ.

666 1697 752 1771 ΒΑ
764 1699 929 1774 Tros.

273 1806 395 1921 Εἰπέ
406 1843 524 1943 pomi
538 1841 732 1948 Kopddoi,
742 1850 838 1935 τίνος
853 1859 892 1924 αἱ
905 1844 1008 1945 fide&
1033 1847 1057 1950 ἤ
1072 1859 1119 1951 (ic
1135 1847 1303 1930 Φιλῶνσα
1310 1881 1325 1948 ,·

636 1957 681 2028 Κ
688 1957 764 2027 ΟΡ
776 1957 811 2028 Υ
813 1956 853 2028 Δ
856 1955 954 2030 ΩΝ.

273 2051 363 2142 Oris,
391 2049 464 2127 ἀλλ’
478 2052 652 2145 Αἴγωνος·
677 2050 808 2148 βόσκειν
823 2059 865 2130 ds'
875 2085 943 2150 μοι
959 2051 1072 2139 αὐτάς
1086 2059 1224 2132 ἔδωκεν.

269 2159 347 2230 BA
352 2160 391 2228 T.
410 2153 468 2230 'H
473 2149 525 2226 ud
534 2177 582 2250 ψε
590 2151 749 2252 κρύβδαν
757 2152 806 2231 soi
815 2163 1027 2256 ποθεσπερα
1035 2163 1152 2243 πᾶσας
1159 2158 1324 2256 σ’μέλγεςς

270 2262 391 2332 ΚΟΡ.
441 2254 540 2333 Ἀλλ’
572 2256 593 2334 ὁ
621 2259 734 2358 γέρων
760 2259 889 2360 ὑφίησι
919 2257 968 2336 πὶ
991 2264 1148 2355 poagia,
1195 2264 1257 2336 soi
1278 2290 1325 2358 ps

849 2359 1032 2458 φυλάσσει.

270 2462 390 2538 ΒΛΤ.
441 2456 573 2545 Ἀὐτός
598 2459 628 2538 d'
653 2469 689 2547 ἐς
712 2461 779 2541 τίν’
802 2463 965 2562 ἄφαντος
990 2465 1011 2542 o‘
1032 2463 1190 2563 βωκόλσς
1212 2467 1325 2566 ᾤχετο

848 2564 990 2670 χώρανς
1301 2574 1323 2644 5

292 2757 328 2817 In
353 2756 517 2819 Analectic
537 2755 695 2820 Brunckii
718 2773 765 2821 est
785 2759 924 2842 primum
946 2756 1110 2840 Idyllium.
1155 2759 1229 2822 Hoc
1245 2779 1324 2822 vero

330 2863 384 2902 rus
401 2864 495 2926 quom
508 2842 646 2904 maxime
661 2843 804 2916 redolet,
827 2857 860 2902 et
883 2841 1017 2914 omnino
1034 2855 1083 2902 est
1096 2842 1237 2903 rusticae
1251 2845 1324 2904 sim·

329 2926 506 3010 plicitstis,
529 2946 612 3006 quae
628 2930 726 2985 multa
748 2925 872 2983 minuta
887 2936 920 2984 et
935 2923 1074 2984 levicula
1087 2922 1169 2986 dicit
1184 2925 1324 2988 familis-

330 3009 427 3083 riter,
452 3029 509 3070 nec
533 3029 550 3066 a
573 3008 731 3068 conviciis
754 3005 894 3067 abstinet
909 3005 1104 3092 agrestibus,
1129 3016 1321 3093 exemplum.

329 3094 416 3155 conf.
429 3093 594 3155 vavassor.
609 3090 664 3151 des
684 3088 809 3152 ludicra
824 3088 969 3154 dictione
984 3113 1053 3174 esp.
1067 3115 1095 3168 7.
1112 3117 1143 3177 p.
1163 3111 1233 3158 112.
1252 3117 1321 3180 sqq.

330 3177 379 3241 ed.
394 3176 527 3262 Ksppii.
549 3176 603 3236 De
617 3174 746 3238 Milone
761 3197 791 3236 v.
807 3174 942 3236 casaub.
955 3176 1062 3238 Lectt.
1082 3177 1252 3244 Theocrit.
1265 3181 1320 3243 VI.

328 3285 360 3344 p.
376 3261 427 3325 84.
443 3258 523 3320 adde
545 3259 694 3320 Polmerii
710 3260 868 3321 Exercitt.
883 3281 915 3342 p.
934 3283 951 3336 7
974 3257 1004 3324 8.
1027 3261 1184 3326 Hardion.
1199 3263 1233 3321 in
1249 3265 1321 3326 Mc·

327 3346 419 3410 moir.
440 3343 478 3405 de
493 3343 616 3406 1⁸Acad:
633 3343 688 3405 des
705 3348 804 3407 Inscr.
828 3358 905 3405 tom.
924 3349 940 3407 1
972 3367 1027 3428 .p.
1041 3347 1114 3411 520.
1130 3369 1200 3452 sqp.
1223 3351 1320 3409 Harl.

328 3434 367 3492 In
384 3433 470 3491 lunt.
487 3427 551 3493 hoc
566 3427 721 3512 Idyllium
737 3426 943 3491 inscribitur:
966 3431 1083 3510 crissie
1096 3435 1279 3516 Kopvdavc.
1302 3429 1322 3509 »ἲ

288 3575 300 3582 .
328 3511 521 3594 Φιλαλὴθης,
544 3513 564 3592 ri
580 3511 704 3590 Βάττος.
734 3516 861 3597 Neritio.
892 3517 930 3576 In
945 3514 1101 3578 Mediceo
1119 3531 1233 3602 quarto
1246 3527 1320 3602 βου-

324 3605 484 3668 κσλιασταῖ
500 3599 520 3676 ἦ
538 3603 649 3680 νομεῖς.
692 3601 809 3660 Kiessl.

284 3707 313 3751 2.
337 3682 435 3760 αὐτός,
449 3685 518 3746 scil.
535 3685 660 3766 Aegon,
683 3684 803 3745 Reiske
818 3703 858 3744 ex
876 3681 1009 3769 ingenio
1025 3685 1165 3770 scripsit,
1191 3686 1232 3749 ob
1249 3687 1319 3748 imi·

326 3772 482 3834 tationem
498 3769 616 3868 virgil.
635 3771 705 3830 Ecl.
721 3771 780 3831 111.
800 3789 826 3830 1.
842 3788 909 3852 sqq.
925 3769 1138 3856 probavitque
1153 3769 1317 3847 Kochler,

327 3871 360 3916 at
377 3870 487 3916 eontra
506 3852 645 3930 codrces,
659 3868 691 3916 et
704 3859 836 3940 vulgata
848 3853 932 3914 bene
947 3873 981 3916 sc
996 3853 1103 3916 habet.
1126 3858 1223 3920 Harl.
1246 3855 1320 3918 val·

327 3939 495 4002 ckensriuc
512 3939 547 4000 in
564 3943 662 4000 altera
679 3936 841 4012 editione,
863 3931 974 4015 αὐτός,
999 3939 1064 4016 sit,
1083 3953 1233 4020 praestat
1246 3941 1321 4002 vul·
1402 4007 1406 4018 .

322 4037 412 4110 gato.
436 4022 533 4106 Quod
550 4023 621 4086 viro
636 4043 855 4108 magnonemo
871 4023 967 4084 focile
984 4023 1188 4086 concesserit.
1204 4024 1318 4084 Kicssl.

284 4111 313 4182 5.
339 4108 480 4193 ἇσὲλγεις
493 4123 542 4170 cst
558 4109 591 4168 in
608 4106 689 4168 Cdd.
706 4109 778 4169 Vct.
794 4108 880 4168 Flor.
894 4107 979 4207 Aug.
994 4123 1027 4169 et
1038 4109 1141 4191 prima
1151 4107 1213 4171 Ed.
1228 4106 1318 4170 Med.

324 4197 426 4282 idque
441 4193 618 4280 genuinum
632 4191 762 4256 videtur
777 4190 1010 4270 Valckensrro,
1033 4213 1129 4278 quem
1141 4205 1320 4282 sequuntur
