2962 5020
300 459 609 528 'I'IIEOGRITI
651 459 926 526 IDYLLION
963 460 1113 528 XVIII.
1177 463 1241 533 515

174 639 319 708 Pmcers
335 634 423 702 sicut
435 633 555 700 emicet
567 634 668 698 decus
683 632 801 720 pingui
816 655 901 700 ervo

108 793 115 824 ,
173 742 244 820 Aut
259 743 359 828 horto
374 758 569 826 cupressus,
591 747 650 802 aut
664 739 779 804 currui
793 736 972 803 Thessalus
985 758 1109 824 equuss

172 895 381 915 m

235 1006 337 1068 grave
354 981 524 1070 legendum
543 979 767 1072 putatdxpop,
795 1007 902 1069 seges:
935 1001 968 1047 at
992 984 1238 1073 dppss's'egetem

240 1071 431 1154 simpliciter
454 1070 539 1149 dici,
563 1072 715 1137 Valcken.
742 1073 804 1134 iam
831 1074 865 1132 in
881 1072 990 1154 priore
1007 1069 1085 1132 edit.
1102 1071 1236 1131 addubi-

241 1169 298 1218 tat.
326 1145 444 1236 Toupii
456 1170 488 1216 et
501 1157 536 1216 V
531 1159 710 1217 ulciscaris*
721 1157 978 1219 emendationem
989 1162 1105 1236 Πιείρᾳ
1118 1157 1238 1239 μεγάλᾳ

173 1257 174 1262 ’
240 1234 268 1306 t'
280 1237 326 1304 ἅτ’
341 1239 440 1325 u'ss'do·
464 1237 575 1321 κόσμος
605 1253 665 1304 etc.
685 1246 769 1302 sicut
784 1263 950 1323 cupressus
959 1245 1080 1322 pingui
1103 1263 1238 1320 niagno-

241 1345 298 1408 qus
313 1349 339 1388 s.
359 1327 462 1406 amplo
481 1343 558 1384 arvo
574 1361 615 1373 -
631 1327 724 1387 decus
739 1339 803 1400 est,
824 1332 873 1386 ιἰα
893 1337 1012 1406 quoqne
1029 1327 1149 1392 Heleno
1167 1329 1238 1386 La·

241 1412 420 1470 ccdaemom'
441 1411 534 1470 decus
553 1424 619 1482 est,
643 1411 789 1496 equidem
812 1414 1032 1492 amplecterer,
1064 1409 1128 1468 nisi
1144 1409 1177 1468 in
1202 1431 1241 1474 ea

238 1496 398 1568 lectione,
429 1515 523 1577 quam
547 1494 636 1556 dedit
657 1496 795 1570 Remitte,
831 1517 848 1556 a
869 1495 1010 1556 lectione
1030 1491 1103 1556 edd.
1120 1476 1253 1578 prisca-⁹

230 1601 322 1658 uum,
337 1595 473 1662 excepto
487 1594 634 1655 accentu,
647 1603 715 1641 non
728 1585 863 1640 multum
873 1578 1099 1654 discedentem,
1123 1588 1241 1663 μιγαλη

243 1661 436 1752 ιιιιιτᾶρισσος
465 1664 642 1746 elegantius
669 1664 876 1748 responderet
904 1663 1065 1725 locutioni
1087 1661 1241 1750 ροδόχρως

243 1749 367 1816 Ἑλένα.
390 1748 478 1810 Idem
497 1747 598 1811 sensit
612 1748 809 1824 Brunckius‚
842 1749 1056 1816 cuiusnotam
1072 1751 1240 1816 conieress

245 1836 274 1897 is
290 1858 361 1896 cum
374 1832 538 1914 Stephano
554 1848 585 1894 et
600 1827 813 1896 Winte'rtono
826 1832 943 1918 μεγάλα
957 1833 1117 1906 scribens,
1141 1833 1175 1892 in
1191 1855 1240 1897 ro·

242 1921 347 2006 liquis
363 1917 569 1980 Reiskisnam
584 1917 838 1980 emendationem
853 1920 981 1980 retinet.
1016 1917 1099 1979 Loci
1114 1939 1242 1981 senstun

245 2017 377 2067 secutus
396 2003 498 2076 viam,
522 2023 630 2086 -quam
657 2007 800 2085 Heynirss
829 2005 864 2062 in
885 2003 1005 2063 litteris
1026 2001 1136 2062 adme
1158 2001 1242 2064 datis

245 2087 457 2162 monstravit,
493 2086 581 2149 hunc
610 2109 678 2150 esse
701 2103 805 2170 puto:¹
837 2088 919 2148 sicut
941 2108 1051 2170 magna
1075 2107 1243 2169 cupressus

161 2237 167 2248 ,
245 2177 356 2236 eminet
378 2170 579 2255 (ᾰιιὶῖζιιιμε).
608 2193 689 2256 quse
710 2188 802 2234 ornat
820 2173 943 2256 pingue
965 2192 1075 2230 arvum
1098 2187 1153 2230 aut
1169 2171 1245 2233 hor·

245 2275 332 2332 tum,
355 2272 411 2317 aut
425 2258 507 2316 sicut
517 2255 691 2316 Thessalus
706 2277 808 2339 equus
824 2261 946 2327 eminet,
970 2277 1097 2315 currum
1110 2277 1244 2318 ornanst

176 2349 181 2360 '
249 2345 297 2406 sic
311 2345 422 2402 eminet
441 2346 549 2424 pulcra
567 2341 709 2414 Helena,
735 2361 816 2424 quac
832 2353 880 2402 est
895 2341 1026 2430 Spartqe
1040 2337 1146 2398 decus.
1170 2342 1246 2402 Alia

251 2427 508 2509 comparatione,
540 2426 572 2484 in
591 2446 652 2506 qua
675 2439 721 2486 est
741 2429 946 2510 presumpsisse,
974 2424 1113 2495 excellit,
1141 2424 1247 2486 vtitur

250 2513 386 2577 Homer.
406 2507 499 2569 llind.
524 2510 565 2568 Π.
587 2509 648 2572 480
662 2531 729 2592 sqq.
765 2509 803 2570 In
825 2509 946 2590 idyllio
961 2509 1051 2567 VIII.
1070 2529 1181 2567 versus
1197 2521 1248 2570 est

250 2617 268 2678 7
293 2595 355 2674 .τᾷ
369 2595 443 2671 δριιῒ
453 2597 502 2656 ταὶ
515 2591 643 2672 βάλανοι
651 2591 773 2674 κόσμος,
796 2595 833 2677 tr}
854 2597 959 2676 putide
971 2595 1065 2676 μᾶλα.
1087 2593 1248 2653 Aeliorum

247 2675 251 2684 ’
284 2727 292 2741 .
309 2679 350 2738 Η.
367 2679 410 2738 II.
434 2697 461 2739 c.
475 2675 567 2736 XIII.
590 2677 749 2736 Socratem
772 2677 855 2738 dixit
877 2670 989 2760 κιῖιιμιιν
1008 2681 1074 2752 ταῖς
1093 2674 1248 2754 Ἀθήναις

254 2765 340 2832 ὄντα.
363 2762 460 2822 Harl.
484 2760 662 2846 Calliergus
685 2769 745 2842 pro
766 2761 876 2822 lubitu
892 2761 1037 2822 dederat:
1066 2766 1248 2844 ssssr'pupe·

250 2846 330 2935 psile
346 2847 391 2912 ἅτ’
404 2845 553 2926 ἀνέδραμε
566 2843 792 2930 ὅγμιιςιιῖρούρᾳ.
814 2847 1001 2908 Husoleius
1015 2848 1050 2905 in
1060 2847 1165 2930 Epist.
1175 2849 1245 2910 crit.

251 2957 285 3020 p.
306 2955 352 3018 ¹9·
367 2935 475 2992 locum
489 2930 535 2990 sic
550 2931 698 3014 corrigit:
1067 2937 1071 2944 “

356 3033 473 3102 stl'ysspsc
484 3028 589 3103 scyriis
603 3025 647 3085 ἅτ’
660 3025 796 3104 ‘luciosus
808 3029 888 3104 ιιῦιιμ.
901 3027 946 3104 sip.

251 3135 376 3202 Eodem
386 3132 482 3193 modo
493 3135 627 3196 Goesius
642 3135 676 3194 in
689 3158 801 3198 comm.
818 3138 851 3196 in
866 3137 1016 3219 Aeschyli
1024 3139 1135 3226 Agam.
1150 3161 1183 3223 p.
1198 3154 1249 3220 70.

254 3223 297 3282 At
311 3227 439 3303 ei'ysspos
453 3217 664 3300 ddsrotpsqsiq
681 3219 808 3302 (Odyss.
824 3221 929 3286 XVll.
945 3223 1014 3287 208.
1031 3226 1072 3286 X.
1089 3227 1162 3310 509.
1175 3224 1248 3286 Vir·

155 3301 158 3310 '
255 3307 309 3390 gil.
330 3305 401 3369 Ecl.
423 3303 494 3363 vlt.
515 3303 581 3382 6³.)
606 3304 712 3365 minus
741 3321 827 3368 recte
849 3305 966 3390 doctiss
987 3309 1183 3371 tribuuntur.
1207 3343 1251 3358 -

254 3389 461 3452 Eickstadts'o
480 3409 511 3469 p.
533 3387 582 3450 5..
604 3389 827 3474 corrigendum
853 3391 1000 3454 videtur:
1032 3399 1134 3478 aalys
1151 3398 1250 3480 μέγα

257 3479 367 3540 laios
388 3467 447 3537 ἅτ’
468 3472 577 3556 ἔδραμε
602 3509 650 3539 -.
672 3475 765 3534 Hanc
782 3477 1013 3538 correctionem
1029 3481 1193 3540 Heinrich.
1211 3477 1252 3538 sd

257 3561 343 3622 Scut.
360 3559 488 3618 Hercul.
503 3580 533 3638 p.
557 3581 621 3618 ιιι.
638 3575 733 3620 vocat
749 3561 896 3622 omnibus
918 3563 1058 3624 numeris
1074 3563 1252 3625 absolutam

256 3660 288 3708 et
305 3642 505 3726 palmarium,
529 3642 723 3728 eandemque
736 3643 780 3703 ita
798 3644 947 3706 ambabus
962 3648 1109 3709 nsauibus
1124 3649 1250 3728 arripit,

257 3745 305 3804 vt,
321 3727 356 3788 ni
371 3725 404 3786 id
415 3727 546 3799 faceret,
560 3725 694 3810 dignum
709 3749 741 3787 se
759 3746 897 3804 censeat,
916 3733 972 3812 qui
987 3733 1107 3804 ferreus
1127 3731 1252 3791 dicatur

259 3829 291 3876 et
314 3814 382 3872 fere
403 3811 543 3889 ἄμουσος.
592 3815 693 3871 Antra
717 3813 802 3872 enim
826 3813 859 3873 in
875 3813 967 3876 Obss.
991 3817 1025 3875 in
1041 3817 1165 3877 Auctor
1190 3830 1253 3876 vet.

259 3920 290 3981 p.
314 3898 354 3976 74
376 3916 422 3979 sq.
449 3898 612 3977 professus
632 3913 716 3972 erat,
746 3903 907 3980 vulgatam
930 3902 1169 3982 rescripturum
1195 3922 1252 3982 pro

259 3985 384 4066 integre
400 4001 436 4038 se
454 3981 592 4062 genuina
608 4002 771 4065 nunquam
786 4004 851 4043 non
867 4004 935 4044 esse
951 3982 1146 4044 habiturum.
1177 3983 1255 4046 Ver·

259 4066 372 4126 borum
391 4062 439 4123 ibi
462 4067 641 4124 iuncturam
666 4065 758 4126 vnice
775 4086 868 4142 vere,
899 4081 935 4127 vt
950 4067 1043 4128 nobis
1063 4068 1191 4153 quidem
1208 4067 1256 4128 vi·

1040 4149 1048 4173 Ι

261 4147 373 4224 detur,
399 4150 452 4210 'sic
467 4151 654 4209 constituit:
685 4151 736 4216 ἅτε
763 4150 952 4234 κυπάρισσος
970 4162 1085 4236 μεγαλα
1108 4151 1256 4234 ἀνέδραμε

242 4231 374 4320 ‘sielsoe
395 4230 552 4320 sisipsc'pe
572 4238 695 4326 nulpq,
724 4233 748 4314 sl
765 4235 872 4320 ιιάπῳ,
902 4237 924 4314 ἢ
947 4239 1035 4320 (ἅτε)
1052 4247 1145 4312 ἵππος
1166 4241 1257 4304 Osos.
