2962 5020
322 435 625 538 runp'cntrt
658 443 935 516 ruraurou
965 417 1118 515 xvrrr
1180 449 1246 543 οι.

176 619 297 706 Neque
311 640 392 684 sane
406 617 474 685 vlla
485 615 533 684 sic
545 615 708 683 citharam
718 617 785 683 'scit
795 619 945 706 pulsare,
1021 644 1024 652 ·

175 721 324 788 Dianam
341 741 463 786 canens
476 729 509 784 et
521 718 711 785 Minervam
724 720 793 788 lato
806 733 954 807 pectore,

172 825 226 902 ,Vt
241 821 384 904 Helena,
407 822 501 888 cuius
512 821 550 888 in
566 818 668 887 oculis
681 845 798 890 omnes
813 823 955 893 Amores
967 821 1092 894 insunt.

177 925 211 990 0
225 921 361 1012 pulcra,
384 947 405 989 o
419 934 564 991 venusta
578 923 704 1012 puella,
726 922 843 988 titiam
857 936 1014 991 matrona
1029 949 1081 996 ese

175 1026 248 1096 Nos
262 1037 377 1092 autem
391 1024 436 1090 ad
446 1047 581 1094 cursum
595 1037 741 1093 maneat
755 1038 926 1116 pratenses
939 1026 1041 1099 flores

172 1127 321 1210 Ibimus,
343 1137 433 1194 serta
447 1127 665 1218 decerpturae
678 1129 828 1194 suaviter
838 1129 1036 1212 redolentia,

171 1221 263 1312 Tui,
286 1229 466 1306 oHelena‚
488 1251 672 1314 memores,
694 1244 735 1297 vt
745 1233 904 1306 lactentes

175 1329 294 1417 Agnae
308 1331 425 1398 matria
439 1333 546 1400 vbera
560 1333 794 1408 desiderantes.

174 1433 310 1503 Primae
329 1434 391 1500 tibi
404 1458 567 1501 coronam
580 1459 623 1501 ex
638 1435 760 1502 humili
775 1437 845 1503 loto

117 1531 120 1542 ’
175 1535 309 1604 Nexum
326 1537 565 1626 suspendemus
577 1538 619 1604 de
633 1539 793 1606 vmbrosa
804 1539 961 1626 platanos
1028 1543 1034 1560 '

173 1635 222 1707 Et
235 1639 366 1730 primae
376 1639 437 1710 tibi
451 1663 494 1710 ex
509 1651 665 1728 argentea
677 1638 806 1733 pyxide
817 1637 985 1728 liquidum
1000 1640 1114 1714 oleum

178 1815 389 1839 tanna—u·-

195 1903 248 1972 53.
272 1906 369 1992 κόροι,
396 1911 486 1998 quod
504 1912 651 2000 reposuit
668 1933 726 1997 pro
747 1909 821 1998 κόρη
834 1913 990 1982 Valckeu.
1013 1914 1047 1975 in
1062 1935 1125 1976 seo.
1142 1912 1231 1990 edit,

239 2010 288 2056 est
302 1997 337 2056 in
355 1998 539 2072 tribuscdd.
562 2003 598 2062 ln
614 1996 710 2060 duob.
722 2000 843 2086 legitur
857 1997 878 2066 ii
891 1997 970 2068 auiti
984 1998 1006 2063 ii
1018 2003 1178 2084 χαρίεσσα.
1194 2009 1237 2067 Κ.

195 2075 248 2164 59.
268 2079 320 2144 4ο.
342 2081 454 2168 δρόμον
467 2101 581 2146 contra
593 2083 765 2164 Reisltium
781 2084 1007 2149 'coniicientem
1019 2079 1136 2170 δρυμόν
1148 2089 1233 2168 (quo

239 2180 377 2230 metrum
409 2169 583 2245 evertitur,
618 2189 691 2228 nam
724 2168 863 2253 priorem
887 2169 1040 2250 syllabam
1065 2167 1234 2253 producit)

239 2264 352 2314 tuetur
365 2254 532 2337 Toupiur,
562 2252 783 2338 intelligitque
794 2258 999 2336 gymnasium
1013 2257 1066 2314 vel
1078 2255 1232 2316 stadium.

236 2335 283 2397 At
301 2339 453 2400 Valcken.
472 2333 601 2414 monet,
632 2358 699 2398 non
722 2337 763 2402 ad
788 2360 915 2400 cursum
936 2359 969 2399 se
990 2333 1059 2420 ἦρι,
1085 2343 1231 2418 proximo

237 2443 350 2496 mane,
378 2421 435 2484 sed
456 2421 497 2484 ad
512 2421 605 2486 flores
619 2421 771 2506 legendos
786 2421 923 2484 abituras
940 2421 1092 2484 cecinisse
1105 2423 1233 2504 Sparta·

237 2527 295 2567 nas
310 2511 451 2589 puellas,
474 2507 656 2588 probatque
674 2506 863 2591 Koppiersii
876 2506 943 2590 (qui
960 2520 1122 2588 comparat
1137 2506 1232 2570 Clau·

238 2588 325 2652 diam.
338 2591 381 2656 Π,
401 2589 441 2651 de
463 2604 558 2672 raptu
572 2591 717 2672 Proserp.
738 2587 795 2654 118
807 2611 877 2674 sqq.
894 2605 926 2651 et
939 2591 998 2653 ΠΙ.
1016 2589 1072 2654 231
1091 2594 1180 2674 sqq.)
1196 2590 1232 2652 in

238 2673 375 2740 Observ,
390 2672 472 2757 phil.
487 2696 519 2756 p.
540 2671 592 2737 62.
605 2672 832 2751 coniecturam,
855 2671 980 2759 δρόσον,
1002 2688 1039 2736 vt
1050 2687 1151 2754 prato
1165 2697 1234 2734 rora

237 2759 403 2822 madentia
428 2779 487 2842 per
503 2755 537 2824 ir
550 2753 601 2824 dori
614 2759 698 2824 δοοῒο
714 2757 833 2820 dixerit
852 2774 947 2843 poeta
967 2755 1081 2843 δρόσον
1102 2765 1155 2828 καὶ
1167 2767 1233 2826 ist-

234 2839 337 2928 edum
357 2841 466 2930 φύλλα.
488 2843 595 2904 Acute
613 2841 703 2905 sane!
735 2841 881 2906 Forsitan
905 2858 1009 2907 tamen
1034 2849 1164 2930 vulgata
1186 2849 1232 2906 le·

237 2930 305 2991 ctio
328 2935 360 3008 ἐς
380 2925 495 3016 δρόμον
518 2925 638 2990 servari
660 2941 692 2992 et
710 2932 801 2989 loeus
817 2927 863 2992 ita
882 2929 1002 3011 exponi
1016 2944 1142 3011 potest:
1161 2933 1230 2990 cito

151 3007 155 3018 ⁴
239 3015 401 3078 abibimus
421 3013 469 3074 od
485 3011 581 3092 flores
600 3013 801 3095 colligendos.
826 3047 869 3064 -
890 3010 944 3095 ἦρι
959 3012 1111 3076 denotare
1127 3035 1229 3087 mans,

235 3112 369 3182 tempore
392 3101 568 3171 matutino,
610 3098 757 3180 Toupius
778 3097 873 3160 docet
893 3099 974 3160 locis
993 3096 1090 3180 Idytt.
1108 3097 1229 3165 XXIV.

238 3205 290 3296 qt.
303 3183 429 3248 Gallim.
450 3183 493 3245 H.
514 3183 550 3242 in
564 3181 634 3243 Iov.
653 3177 703 3247 85.
717 3196 749 3243 et
762 3182 857 3244 Arati
872 3183 1046 3244 Phaenom.
1064 3205 1095 3265 p.
1109 3180 1159 3251 54.
1172 3182 1229 3244 vbi

221 3269 290 3354 ἠρο
305 3284 338 3331 et
360 3263 504 3351 iuniperis
524 3266 777 3350 coniunguntur.
799 3271 897 3329 Harl.
918 3265 1017 3328 Haud
1039 3266 1135 3329 dubie
1156 3265 1231 3350 δρό-

235 3379 294 3440 μος
307 3353 362 3414 hic
382 3366 431 3415 est
444 3358 554 3427 locut,
585 3351 620 3411 iu
635 3372 700 3434 quo
715 3352 874 3429 curritur,
898 3353 1061 3428 stadium,
1085 3358 1231 3414 curricu-

234 3443 319 3512 lum,
350 3451 387 3498 vt
408 3434 463 3526 πρό
484 3463 517 3514 ος
546 3434 581 3495 in
604 3435 718 3521 Eurip.
739 3435 829 3498 Med.
851 3435 904 3502 46.
918 3453 950 3498 et
972 3433 1052 3522 dyeia
1073 3437 1106 3497 in
1129 3439 1229 3499 Scuto

234 3525 334 3586 Herc.
355 3521 427 3588 διο.
459 3463 549 3586 ditat
569 3519 739 3582 Heinrich.
762 3523 896 3584 Graevii
914 3523 1020 3584 Leett.
1043 3520 1178 3584 Hesiod.
1202 3543 1229 3589 ο.

233 3609 325 3674 XIX.
340 3621 373 3670 et
385 3609 538 3671 Baebium
550 3604 591 3667 ad
605 3605 771 3689 Aristoph.
786 3607 848 3667 Av.
871 3603 919 3670 15.
938 3607 1106 3670 Iacobsius
1121 3612 1234 3679 locum„

233 3695 281 3754 sie
296 3691 541 3774 interpretatur:
569 3691 695 3766 „Mane
710 3691 765 3754 vbi
785 3690 825 3752 sd
840 3692 951 3756 solitas
970 3693 1005 3752 in
1020 3690 1125 3753 stadio
1140 3695 1230 3754 exer'·

209 3854 212 3860 Ι
234 3777 406 3839 citationes
431 3775 620 3851 exierimus,
650 3775 736 3837 inter
759 3797 810 3838 eas
830 3793 864 3838 et
886 3773 1000 3838 florum
1019 3775 1230 3874 legendorum

233 3861 378 3926 studium
406 3882 500 3945 saepe
520 3861 590 3936 tui,
627 3881 709 3964 quae
737 3881 797 3922 nos
820 3861 898 3923 olim
920 3863 1067 3924 comitari
1090 3857 1226 3932 solebas,

233 3943 506 4009 meminerimus·“
526 3951 690 4028 Λειμωοιο
704 3942 803 4026 φύλλα
814 3946 914 4022 (conf.
929 3945 970 4007 sd
984 3945 1078 4027 Idyll.
1095 3939 1227 4018 XLuG.)
1336 3997 1339 4002 .

234 4033 381 4094 innuunt
394 4029 533 4093 stadium
547 4031 640 4092 iuxta
656 4031 821 4092 Eurotam.
863 4033 980 4097 Kiessl.

189 4116 231 4186 h
254 4151 297 4164 -
317 4114 369 4180 45.
391 4117 477 4192 troie
492 4137 533 4177 ex
541 4115 718 4199 Apollonio
732 4117 880 4198 Dyscolo
898 4131 930 4177 et
939 4113 1227 4181 libb.Vatic.Tou·

230 4199 367 4288 piutiu
388 4199 569 4288 Appendic.
591 4200 706 4268 Notas.
727 4199 767 4266 ad
785 4201 818 4266 h.
830 4205 852 4264 1.
873 4214 906 4268 et
927 4199 968 4262 ad
989 4193 1225 4282 tdyu.x1.25.
