2938 5018
294 476 599 544 THEOCIIITI
632 475 902 540 IDYLLION
937 477 1090 542 XXIII.
1163 477 1224 560 dtr

153 647 251 730 Oris,
275 671 346 716 non
359 645 537 714 oculorum
552 644 684 714 lucidus
697 645 869 735 splendor,
891 671 963 714 non
978 670 1095 716 roseae
1110 670 1226 736 genae.

150 754 228 821 Non
243 751 370 826 oratio,
392 772 464 815 non
475 750 629 816 osculum
644 749 765 814 levana
781 771 952 817 umorem:

153 853 222 922 Sed
240 853 291 919 vti
305 851 377 918 fera
392 854 553 920 silvestris
565 851 723 920 observat
737 863 925 937 venatores,
1020 908 1026 916 .

151 959 205 1026 Ita
223 955 338 1023 omnia
351 955 495 1022 faciebat
508 954 669 1022 adversus
686 955 851 1022 alterurn:
873 979 976 1022 saeva
991 957 1041 1024 illi
1055 969 1154 1024 erant

152 1059 275 1140 Labra,
300 1070 333 1124 et
341 1058 574 1124 oculitorvttm
583 1055 787 1123 tuebantur:
804 1057 1230 1128 Itabebsntnecessitetems

152 1163 263 1247 Atque
278 1157 339 1227 bili
352 1161 453 1228 facies
463 1159 701 1249 respondebat:
723 1159 874 1248 fugiebat
889 1161 969 1229 inde
983 1163 1088 1229 color.

101 1261 103 1264 ’
153 1263 372 1332 Contumelia
386 1286 430 1332 ex
443 1263 496 1332 ira
507 1265 682 1334 involutus
695 1299 739 1318 ··
752 1277 789 1332 ut
807 1264 908 1332 etiam
923 1265 970 1334 sic

158 1419 368 1438 —1--1

218 1509 241 1602 ᾗ
263 1535 315 1576 κεν
344 1503 472 1597 άνάρκρ·
493 1509 628 1598 ipseque
646 1513 774 1589 Iocum,
808 1531 873 1596 quo
894 1511 1033 1586 nomine¹
1049 1507 1232 1572 Brodaeum

220 1601 339 1678 culpat,
362 1594 804 1700 prodigioseinterpretatur.
820 1597 919 1656 Harl.
938 1597 1113 1680 Eleganter
1124 1597 1230 1655 Hein-

220 1685 289 1742 ιίιιο
304 1681 462 1745 coniicit:
486 1681 562 1748 εἶδεν
573 1679 727 1766 huynes,
748 1679 837 1768 quod
850 1681 1025 1764 praecessit
1038 1672 1139 1748 δεινάν
1153 1683 1231 1762 βλέ-

220 1788 299 1832 πειν·
314 1781 544 1852 comparatque
564 1766 766 1830 locutionem
781 1789 853 1828 cnm
864 1765 943 1850 άρᾷν
964 1763 1120 1852 κάρδαμον
1142 1779 1175 1826 et
1189 1765 1231 1824 si·

220 1851 369 1930 milibus,
410 1851 490 1914 item
512 1851 609 1930 citat,
640 1868 838 1916 nontamen
864 1851 942 1922 satis
968 1866 1063 1936 apte,
1100 1847 1230 1911 Pindar.

220 1937 352 2020 Olymp.
366 1939 409 2000 II.
430 1945 498 2010 108.
513 1930 593 2004 κατά
622 1937 658 2014 άς
672 1935 788 2018 δικάζει
802 1965 867 2016 τις,
891 1936 998 2024 ε’χθρξί
1008 1933 1096 2020 λόγον
1109 1931 1232 2022 φράσας

219 2019 351 2107 ἀνάγκᾳ·
375 2024 491 2085 Horat.
518 2020 581 2085 Od.
601 1965 625 2085 I.
642 2020 671 2088 5.
690 2023 729 2086 52
746 2046 793 2108 aq.
813 2025 839 2086 I.
855 2022 906 2088 55.
931 2044 968 2108 17
990 2044 1062 2107 sqq.
1085 2056 1126 2068 -
1146 2025 1233 2081 Τοτι-

214 2113 294 2188 pius
306 2107 369 2170 ita:
392 2109 471 2192 εἶχεν
483 2105 633 2194 άνάγκαν]
650 2109 765 2185 „Haec
780 2107 820 2170 de
827 2130 926 2190 puero
944 2104 1134 2192 accipienda
1145 2119 1231 2181 aunt,

219 2193 277 2278 qui
300 2192 346 2253 ita
374 2192 420 2256 ira
443 2209 539 2278 atque
563 2191 640 2256 odio
663 2192 937 2266 discruciabatur,
967 2206 1004 2253 vt
1024 2191 1076 2252 sui
1099 2211 1231 2273 compos

219 2300 287 2339 non
309 2293 401 2340 esset.
446 2275 616 2362 Quicquid
639 2291 746 2339 autem
768 2299 861 2362 aegre
884 2275 1027 2360 patimur
1043 2290 1076 2336 et
1093 2273 1156 2336 effu
1181 2295 1235 2336 ere

219 2385 288 2424 non
301 2383 483 2445 possumus,
508 2357 644 2448 άιάγαην
660 2362 914 2425 vocantGraeci.
940 2359 1083 2422 Diodor.
1098 2359 1161 2421 sic.
1205 2359 1232 2420 1.

224 2447 272 2511 13.
289 2443 414 2524 Πάντες
430 2451 463 2514 dd
478 2453 609 2532 πληγαῖς
622 2445 844 2530 α’νανκάζονται
857 2449 1095 2533 προσκαρτερεῖν
1108 2447 1170 2520 τοῖς
1180 2441 1232 2526 ἕρ·

217 2558 301 2618 yotc,
328 2534 438 2617 μέχρις
455 2533 494 2598 άν
510 2527 746 2616 κακουχούμενοι
766 2528 987 2608 τελευτήσωσιν
1003 2535 1036 2597 ἐν
1052 2533 1120 2606 ταῖς
1136 2521 1237 2612 circip-

220 2642 301 2690 καις.
320 2615 360 2676 ad
376 2637 471 2700 quem
494 2623 604 2679 locum
631 2617 849 2678 consulendus
873 2622 912 2679 cl.
926 2615 1177 2700 Wesselinginc.
1193 2643 1237 2662 ·-·

223 2703 373 2762 Ceterum
405 2701 445 2761 ad
473 2701 685 2763 Theocritum
712 2715 856 2764 nostrum
883 2696 1041 2784 respexit,
1080 2715 1116 2763 vt
1137 2702 1234 2776 solet,

225 2786 367 2848 Nonnus
379 2787 516 2869 Dionys.
538 2786 643 2849 XXV.
661 2808 694 2869 p.
713 2783 787 2854 882.

322 2915 358 2926 -
375 2916 411 2925 -
427 2915 463 2927 -
482 2915 517 2932 *-
551 2885 582 2942 οά
600 2883 625 2942 d'
642 2881 760 2944 {ictam
772 2880 865 2956 ν’ψάθι
878 2889 957 2970 yaipt

321 2951 429 3027 Alete.
442 2963 489 3013 καὶ
502 2955 631 3031 νεφέλῃσι
644 2951 791 3028 μετάρσιοι
804 2953 898 3022 eIzct
916 2950 1086 3027 ανάγκην.
1097 2957 1118 2990 “

217 3047 309 3108 Haec
329 3047 481 3123 Toupius.
526 3043 598 3106 Nos
614 3042 798 3126 arripuimus
814 3041 894 3128 εἶχον
910 3036 1047 3125 άνάγκαν
1060 3063 1103 3104 ιο.
1123 3042 1235 3126 adpre,

220 3143 391 3215 propterea
415 3126 523 3212 quod,
563 3129 591 3189 si
613 3129 696 3215 εἶχεν
718 3127 896 3202 retinetur,
933 3126 1013 3190 haec
1034 3125 1130 3188 verba
1157 3129 1187 3194 εἶ
1205 3155 1240 3195 εν

220 3214 358 3300 circi-sues
373 3228 448 3295 post
468 3212 720 3296 descriptionem
736 3211 898 3274 IubIorum
916 3227 949 3274 et
966 3217 1134 3274 oculorum
1151 3157 1239 3274 suiri-

222 3316 257 3362 to
273 3294 399 3382 aliquid
415 3297 582 3376 inferunt,
608 3295 697 3382 quod
711 3294 751 3357 ad
768 3311 871 3359 totam
892 3295 986 3379 pueri
1002 3295 1076 3357 duri
1094 3295 1238 3378 indplem

222 3384 403 3468 pertineat,
442 3379 595 3466 deinceps
618 3397 726 3443 autem
755 3397 872 3463 poetae
895 3381 1000 3443 oratio
1024 3379 1065 3442 ad
1088 3382 1238 3482 corporis

224 3483 366 3554 partem,
391 3465 508 3529 faciem
524 3466 674 3553 quidem,
708 3466 881 3540 relabitur3
907 3465 995 3550 quod
1007 3465 1089 3526 mihi
1108 3466 1240 3553 quidem

226 3575 294 3615 non
319 3557 447 3638 elegans
470 3573 538 3614 esse
562 3549 703 3615 videtur.
749 3549 1019 3613 consentientem
1037 3552 1142 3614 habeo
1159 3552 1240 3613 Bin-

229 3637 425 3700 drmannum
455 3637 741 3720 interpretantem:
771 3635 952 3718 furclttbor
973 3637 1072 3696 blicka
1095 3660 1155 3697 aus
1175 3637 1245 3696 dem

228 3724 323 3804 Auge
339 3723 519 3798 attaliam.
561 3723 681 3782 Kiessl.
1018 3732 1019 3736 ’

186 3810 238 3882 14.
261 3806 417 3868 Valcken.
434 3805 469 3866 in
485 3807 593 3891 Epist.
610 3805 650 3868 ad
664 3807 785 3868 Rdver.
800 3803 955 3888 p.XLIII
969 3827 1015 3887 sq.
1034 3820 1129 3868 acute
1146 3801 1248 3866 corri-

229 3894 297 3979 git,
320 3891 475 3978 άβρίκτᾳ,
498 3890 595 3978 ὀργάν
611 3892 804 3976 περιειμένῳ,
828 3910 870 3951 ex
884 3890 1059 3952 Homerica
1076 3889 1247 3950 locutione

230 3975 390 4056 αἰαιάείην
405 3983 568 4062 ἐπιειμένε·
584 3977 696 4061 sicque
712 3974 897 4038 Brunckiua
914 3975 950 4035 in
969 3987 1062 4036 textu
1076 3969 1251 4056 rescripsit.

233 4063 323 4125 Idem
353 4063 508 4125 Valcken.
530 4060 697 4124 commode
728 4073 892 4143 comparat
916 4057 1016 4123 Ovid.
1042 4059 1125 4120 Met.
1157 4056 1248 4118 XIV.

206 4185 211 4194 ·
239 4145 311 4216 eti.
337 4149 467 4230 Spernit
481 4163 511 4208 et
533 4149 646 4209 irridet
653 4171 666 4221 ,-
682 4145 853 4229 factisque
868 4145 1046 4206 immitibus
1064 4142 1161 4202 addit
1174 4142 1252 4204 Ver-

230 4231 277 4294 bo
292 4235 434 4315 superba
450 4234 559 4318 feros.
602 4233 778 4320 Vulgatnm
792 4245 911 4298 ‚tamen
934 4243 1045 4294 tuetur
1069 4242 1102 4290 et
1115 4227 1256 4292 illustrat
