2878 5016
262 431 577 547 unrocum
614 479 894 548 rnrnmors
928 483 1030 552 xrs.
1117 485 1182 555 sss.

116 653 282 736 Odornm',
305 635 765 744 quatudr‘propeannorusn‚
788 665 860 722 vta
877 641 1050 722 torculari.
1142 643 1147 660 ’

112 760 240 828 Bulbus
257 780 276 821 o
293 759 430 826 cochlea
446 759 660 847 depromtus:
684 771 825 843 eratque
844 769 943 846 potus
958 757 1074 824 duleis.

114 863 185 929 Iam
197 883 377 948 progresso
394 861 554 928 convivio
575 863 683 928 visum
697 872 747 926 est
760 861 895 926 infundi
907 881 1052 940 merum,

111 965 153 1034 ln
173 964 407 1052 cuiuscunque
422 970 550 1033 'nomen
570 963 712 1051 quisque
732 964 849 1056 veliet:
878 962 1056 1052 oportebat
1075 963 1179 1032 modo

696 1065 819 1148 dicere,
841 1064 878 1131 in
898 1067 1001 1134 cuius.

112 1167 180 1236 Nos
195 1169 337 1236 nomina
350 1169 484 1236 edentes
496 1167 710 1252 bibebamus,
731 1181 770 1234 vt
781 1169 895 1234 visum
913 1180 992 1234 erat.

110 1269 446 1338 buiamundum
462 1272 577 1356 edidit,
588 1284 764 1364 praesente
777 1295 843 1338 me.
867 1270 959 1359 Quid
974 1270 1060 1338 mihi
1072 1271 1177 1338 animi

690 1373 794 1440 fuisse
806 1373 946 1440 censes?

63 1513 68 1520 ¹
111 1471 193 1545 'Non
211 1475 391 1570 loquaris?
416 1477 559 1571 Lupum
578 1477 699 1550 vidisti
717 1478 866 1560 (iocatus
890 1488 939 1542 est
960 1477 1119 1569 aliquis),
1140 1492 1177 1549 ot

565 1611 569 1618 ·
690 1581 830 1672 sapiens
845 1579 911 1649 ait·

114 1748 318 1777 m

170 1843 204 1908 b.
219 1869 248 1910 e.
264 1869 364 1934 quum
378 1869 413 1912 se
427 1847 491 1912 iam
505 1847 637 1914 liberius
652 1847 778 1934 poculis
795 1841 997 1928 invitassent,
1022 1849 1175 1932 (aldem-

171 1933 270 1995 sterh.
288 1935 323 1994 in
338 1936 437 1997 Misc.
455 1937 546 1998 Obss.
564 1941 629 2000 vol.
648 1935 688 1999 V.
712 1952 789 2000 tom.
802 1939 865 2002 111.
881 1961 912 2022 p.
927 1937 978 2000 62.
995 1933 1067 1996 add.
1083 1934 1176 1998 Leis-

170 2035 286 2079 nerum
306 2019 345 2081 ad
358 2021 400 2082 L.
414 2022 507 2083 Bosii
524 2022 637 2104 Eliips.
653 2045 684 2106 p.
694 2021 766 2086 406.
785 2037 817 2086 et
831 2024 864 2084 in
881 2023 981 2106 praef.
997 2043 1029 2103 p.
1040 2021 1174 2096 XLIII.)

172 2103 280 2164 visum
296 2103 372 2182 fuit,
397 2121 433 2168 vt
453 2105 516 2168 sibi
534 2108 667 2192 quisque
690 2131 810 2170 merum
830 2107 954 2169 iuberet
971 2104 1115 2181 infundi,
1141 2121 1174 2167 et

172 2187 206 2248 id
222 2211 323 2274 genus
338 2191 419 2266 vini,
440 2190 529 2276 quod
544 2195 643 2254 vellet
657 2192 795 2254 maxime
820 2193 954 2276 [Atrion
968 2191 1086 2263 aderat,
1106 2189 1172 2250 nisi

172 2269 337 2336 biblinum
347 2275 355 2340 !
366 2279 435 2352 K.]‚
452 2293 609 2359 posceret,
619 2275 714 2338 niodo
724 2277 948 2362 significasset,
961 2275 1174 2360 quomaxiure

172 2381 287 2444 genere
302 2359 523 2422 delectaretur.
568 2365 617 2424 Ita
632 2363 699 2424 fere
715 2361 866 2426 Warton.
885 2375 918 2422 et
932 2357 1063 2421 Reiske.
1108 2361 1172 2420 Re·

172 2445 257 2505 otius'
268 2460 374 2507 autem
389 2451 497 2507 locum
515 2445 553 2508 de
574 2468 661 2508 more
675 2445 708 2507 in
728 2468 843 2508 nomen
859 2445 1033 2508 amicorum
1049 2455 1081 2506 et
1097 2443 1173 2505 arni·

172 2551 279 2591 cerum
300 2529 455 2612 potandi,
478 2530 524 2592 ita
546 2545 581 2592 vt
597 2529 702 2608 oirssoc
723 2533 879 2591 referatur
904 2529 944 2590 ad
964 2531 1089 2608 ἑταίρου
1103 2528 1172 2590 sive

170 2618 306 2698 ἑταίρας,
330 2613 521 2700 intelligunt
529 2616 696 2678 Scholiast.
716 2630 748 2676 et
765 2613 993 2686 Casaubonus3
1019 2610 1058 2672 ad
1075 2629 1171 2696 quem

169 2699 269 2762 ritum
293 2699 520 2762 illustrandum
547 2699 652 2761 adfert
677 2699 828 2762 Warton.
850 2695 1021 2780 Posidippi
1045 2713 1170 2758 carmen

168 2783 254 2870 apud
278 2781 448 2846 Reislsium
470 2787 506 2845 in
531 2786 620 2847 notis
646 2783 686 2846 ed
705 2783 851 2845 Antbolo
875 2830 882 2846 .
922 2805 945 2844 r.
962 2779 1122 2865 Cephalus
1136 2802 1169 2864 p.

96 2853 101 2868 i
169 2869 242 2936 246.
265 2869 406 2951 (Iacobs.
421 2873 460 2930 T.
474 2873 516 2934 II.
530 2893 563 2954 p.
573 2867 622 2934 48.
630 2869 681 2956 49.
699 2891 746 2930 nr.
756 2867 818 2946 X.)
840 2805 980 2931 timim
995 2867 1172 2949 ἐπικεῖσθαι

170 2953 277 3018 bacin
294 2976 328 3015 re
344 2957 497 3018 sollemne
514 2971 577 3030 est;
603 2955 677 3017 vide
693 2954 858 3037 Toupium
871 2951 911 3013 ad
926 2949 1021 3034 Idylt.
1037 2954 1079 3014 ΙΙ.
1098 2949 1169 3016 151.

170 3039 275 3122 [Adde
318 3061 377 3102 uae
400 3063 459 3102 uos
477 3041 525 3100 ibi
549 3040 732 3102 monuimus
757 3055 790 3102 et
810 3039 987 3100 Asconiunt
1011 3035 1050 3096 ed
1072 3036 1169 3099 verba

171 3125 275 3188 Cicer.
293 3063 383 3186 iem
398 3125 425 3186 I.
440 3121 562 3190 XXVI.
587 3138 645 3200 „vt
656 3147 773 3208 graeco
792 3145 875 3184 more
895 3123 1082 3182 biberetur.“
1101 3125 1168 3198 K.].

170 3210 263 3296 Quae
278 3209 505 3294 interpretatio
527 3210 622 3271 etiam
643 3233 682 3272 ex
698 3211 752 3287 iis,
771 3229 852 3294 quae
867 3224 1057 3292 sequuntur,
1076 3225 1169 3306 Prae·

169 3294 289 3358 sidium
307 3292 439 3380 aliquod
461 3300 618 3356 etlumen
636 3295 767 3380 accipit.
811 3293 1034 3372 ,‚Potavimus,
1058 3309 1169 3377 singu·
1255 3357 1261 3380 b

169 3379 219 3444 tts
240 3384 303 3441 alta
321 3401 402 3442 voce
425 3379 634 3442 nominando.
677 3383 737 3442 Illa
760 3401 837 3443 vero
854 3377 992 3462 Cynisca
1013 3397 1063 3436 ine
1078 3381 1168 3459 'prae-

171 3481 262 3530 sente
277 3465 391 3540 tacuit,
417 3480 484 3542 aut,
508 3487 575 3526 non
595 3461 693 3540 bibit,
718 3485 778 3528 nec
799 3463 860 3542 ine,
884 3485 981 3550 quum
999 3461 1033 3522 in
1048 3473 1167 3522 nomen

171 3547 262 3611 illius
278 3565 452 3633 putassem,
476 3550 687 3633 responsione
711 3549 845 3636 dignum
863 3547 1033 3624 iudicavit.
1078 3543 1169 3630 Quid
1193 3625 1195 3631 Ι

170 3637 233 3720 ego'
247 3629 308 3697 bac
326 3635 520 3697 contumelia
536 3633 680 3697 adfectus
694 3634 828 3696 sensisse
845 3633 906 3694 tibi
921 3629 1060 3694 videor?
1084 3633 1169 3689 Tum

172 3720 291 3806 sliqu'is
305 3741 323 3780 e
340 3719 489 3782 convivis
505 3721 593 3781 illam
609 3717 716 3782 iocose
732 3717 926 3806 adloquutns
944 3714 1050 3777 dixit:
1074 3715 1168 3776 Tune

169 3825 235 3864 non
252 3808 285 3865 lo
310 3803 422 3866 ueris?
456 3826 508 3884 an,
532 3820 568 3867 vt
585 3803 669 3865 dixit
685 3801 901 3908 philosonhus
914 3799 982 3864 sive
997 3813 1094 3886 poeta
1110 3799 1168 3858 ali·

171 3889 262 3972 quis,
289 3828 327 3950 b.
341 3911 369 3952 e.
389 3903 426 3952 vt
445 3905 538 3952 vetus
561 3903 608 3951 est
628 3887 767 3964 dictum,
798 3897 890 3956 toxos
910 3883 1083 3950 vidisti?“
1126 3882 1168 3943 Iu

170 3973 380 4060 ambiguitate
394 3973 547 4038 vocabuli
563 3965 653 4050 λῦκος
662 3973 745 4034 inest
758 3977 859 4057 lepos.
881 3969 965 4034 Nam
981 3969 1063 4044 etis,
1074 3987 1168 4052 quent

170 4057 495 4142 deperibntCynisce,
505 4061 612 4140 lycus
627 4056 863 4134 nominabatur,
873 4071 905 4119 et
922 4055 959 4129 ii,
969 4053 1167 4137 quirepante

169 4165 186 4204 a
197 4147 275 4228 lupo
291 4143 458 4228 conspecti
468 4164 585 4216 essent,
596 4140 793 4227 putabantur
803 4143 1031 4203 obmutescere.
1055 4157 1085 4195 v.
1096 4135 1165 4194 Vir·

169 4223 448 4314 gil.·Ect.·tX.·53.
491 4223 616 4291 Eodem
631 4221 735 4291 modo
751 4225 997 4311 interpretatum
1010 4217 1166 4282 esseVal·
1276 4251 1281 4260 ·
