2950 5024
290 455 594 524 THEOCRITI
625 465 897 532 IDYLLION
929 469 1058 536 xxtt.
1148 473 1209 543 615

130 625 220 694 Nam
232 626 342 714 stipsi
358 639 440 693 sunt
455 627 574 714 sortes,
597 644 631 699 at
648 654 691 700 ex
705 635 784 705 forti
805 639 886 708 nati.

195 731 339 811 Salretc,
361 729 421 796 lilii
437 731 561 818 Ledae,
583 748 619 802 et
631 741 751 806 nostris
771 741 899 809 famam
912 743 1118 811 carminibus

129 833 260 900 Bonam
274 855 408 922 semper
421 836 564 903 mittitur
586 841 655 906 cari
669 843 759 908 enim
777 859 858 912 sunt
875 871 992 913 omnes
1005 861 1125 938 poetae

131 937 347 1025 Tyndaridis,
370 950 406 1002 et
420 938 579 1024 Helenae,
601 953 634 1006 et
650 945 722 1010 aliis
738 947 908 1032 heroibus,

132 1039 205 1129 Qui
219 1041 360 1106 Troiam
375 1052 581 1124 everterunt,
602 1048 768 1115 auxilinm
784 1051 933 1119 ferentes
948 1053 1114 1125 Menelao.

130 1144 234 1212 Vobis
247 1141 401 1232 gloriam,
423 1165 528 1230 reges,
551 1149 681 1238 peperit
696 1153 800 1219 Chius
817 1167 923 1238 rates,
966 1157 970 1164 ’

132 1246 205 1336 Qui
219 1246 366 1312 carmine
378 1247 563 1315 celebravit
575 1252 702 1320 Priami
718 1255 855 1340 vrbem,
878 1270 914 1326 et
927 1281 1031 1326 nares
1046 1258 1202 1328 Achaeo·

215 1357 219 1368 '
685 1407 687 1414 .
713 1379 811 1442 rum,

127 1453 311 1541 Iliacasque
335 1477 476 1546 pugnas,
499 1458 734 1548 Achillcmque
750 1461 874 1530 turrim
889 1464 989 1532 bellis

129 1557 233 1626 Vobis
247 1570 357 1624 autern
373 1574 407 1627 et
429 1584 491 1648 ego
509 1585 714 1640 canorarum
727 1565 889 1632 lenimina
904 1569 1092 1652 Musarum,
1127 1609 1135 1628 .

129 1659 258 1749 Qualia
272 1661 365 1751 ipsae
378 1663 554 1752 praebent,
563 1677 598 1732 et
611 1679 758 1754 quantae
772 1681 908 1735 nonnae
919 1681 999 1735 sunt
1011 1669 1198 1752 facultates,

128 1767 227 1832 Talia
243 1765 326 1835 fero.
355 1767 539 1834 Munerum
556 1779 670 1836 autem
687 1771 912 1858 graussimum
928 1773 988 1839 diis
1002 1787 1053 1839 est
1068 1759 1203 1842 caritas-⁴

128 1922 339 1946 ᾕ-

193 1997 287 2082 Idyll.
308 1999 414 2065 XVII.
438 2007 467 2075 8.
489 2036 531 2050 -
553 2003 631 2062 Tres
654 2023 731 2064 vero
746 2000 854 2062 vltimi
873 2023 985 2064 versus
999 2019 1075 2066 sunt
1090 2004 1196 2064 suavi-

189 2097 282 2230 palte²
317 2085 507 2172 pietateque
535 2099 568 2148 et
591 2087 751 2172 elegantia
781 2087 850 2148 fere
871 2088 982 2150 Attica
1003 2089 1195 2171 plenissimi.

228 2191 267 2228 ar
280 2214 289 2230 .

407 2367 440 2438 A
459 2365 490 2432 R
514 2365 547 2432 G
568 2365 599 2436 V
621 2365 656 2432 Μ
680 2367 709 2432 Ε
730 2365 760 2432 Ν
782 2364 813 2431 Τ
835 2365 867 2434 V
888 2367 926 2432 M

459 2488 677 2552 IDYLLII
710 2487 861 2548 XXIII.

211 2643 486 2725 Repraesentatur
509 2641 543 2702 in
563 2641 628 2701 hoc
648 2638 770 2724 Idyllio
793 2639 1057 2724 impotentissimi
1077 2639 1194 2702 amaris

125 2742 246 2803 aestus,
270 2748 334 2812 quo
351 2725 449 2788 homo
473 2725 604 2813 quidam
627 2725 661 2788 in
676 2745 811 2808 puerum
826 2727 929 2788 forma
942 2731 1102 2808 pulcrum,
1126 2748 1195 2787 mo·

123 2815 217 2877 ribus
233 2827 340 2875 autem
362 2827 394 2872 et
408 2811 519 2873 indole
540 2833 668 2872 saevum
689 2825 723 2874 et
742 2832 888 2894 asperum
910 2811 1083 2874 ferebatur.
1126 2809 1193 2894 Qui

123 2899 177 2961 vir
198 2895 332 2974 amoris,
358 2917 424 2980 quo
443 2895 551 2974 ardet,
576 2897 803 2980 impotentiam
827 2896 963 2981 amplius
986 2919 1053 2957 non
1073 2898 1191 2971 lerens,

124 2983 168 3046 ad
181 2984 275 3066 pueri
288 2981 402 3044 limina
415 2997 578 3065 properat,
603 3003 642 3044 eo
657 2981 808 3058 consilio,
832 2995 879 3058 vt,
904 2981 931 3041 si
947 2980 1107 3042 crudelem
1121 2981 1192 3043 eius

125 3069 269 3130 animum
290 3065 418 3128 flectcre
441 3088 508 3129 non
532 3067 653 3152 possit,
687 3083 822 3130 mortem
838 3066 900 3128 sibi
921 3069 1108 3129 consciscat.
1152 3066 1193 3127 In

123 3151 191 3216 boc
205 3151 307 3237 igitur
321 3173 446 3234 cycneo
463 3152 603 3214 carmine
617 3174 753 3235 puerum
769 3167 890 3228 monet,
914 3173 955 3212 ne
970 3152 1104 3212 nimium
1120 3155 1191 3236 pul·

124 3235 315 3300 claritudine
336 3259 410 3313 sus,
433 3237 544 3324 fragili
570 3251 604 3300 et
627 3237 749 3299 caduco
764 3238 871 3314 bono,
895 3235 1053 3311 confidat,
1076 3252 1189 3321 mque,

124 3321 214 3410 qnod
238 3323 365 3388 viventi
382 3337 546 3422 negasset,
571 3319 728 3383 defuncto
751 3322 916 3405 impertiat
931 3326 1094 3397 osculum,
1119 3342 1205 3404 pre·

122 3423 228 3470 catur.
259 3405 387 3490 Quibus
405 3405 504 3467 dictis
519 3411 639 3469 collum
655 3403 689 3466 in
706 3411 855 3492 laqueum
871 3405 996 3468 inserit.
1039 3408 1124 3468 Puer
1136 3427 1190 3465 au·

125 3509 191 3554 tem
202 3491 297 3554 domo
308 3511 462 3578 egressus,
472 3489 702 3554 cadavereviso
710 3493 759 3553 nil
771 3507 889 3566 motus,
899 3495 997 3574 paulo
1008 3505 1080 3574 post
1089 3489 1190 3573 Cupi·

125 3577 215 3638 dinis
228 3592 336 3639 statue
351 3577 386 3637 in
404 3597 475 3637 eum
491 3575 626 3638 cadente
650 3597 823 3660 oppressus
838 3579 926 3652 Deo,
952 3599 1047 3659 quern
1064 3597 1190 3660 spreve-

122 3677 186 3740 rat,
209 3682 329 3746 poeaas
345 3659 445 3726 dedit.
465 3697 510 3710 —
529 3661 675 3724 Pertinet
696 3683 822 3722 carmen
839 3683 906 3724 non
919 3661 958 3722 ad
975 3683 1076 3745 genus
1091 3661 1189 3720 buco·

119 3749 234 3823 licum,
258 3745 325 3823 sed,
349 3745 557 3810 Eichstadtio
579 3745 687 3808 iudice
705 3747 749 3832 (p.
769 3743 844 3834 25.),
869 3745 909 3806 ad
931 3746 1068 3808 mediam
1090 3765 1189 3828 quan·

122 3831 196 3894 dam
213 3833 380 3916 epicorum
400 3835 550 3909 classem,
574 3853 656 3916 quae
679 3853 784 3892 rerum
803 3830 1009 3916 quarumdam
1034 3827 1189 3889 narratio·

123 3939 197 3980 nem
222 3940 296 3979 cum
318 3937 413 3978 sensu
431 3933 678 4002 persequuntur.
735 3917 902 3978 Nonnulla
933 3915 1018 3976 inde·
1033 3911 1191 3994 expressit
1254 3987 1258 4001 .

120 4001 285 4089 Virgilius
296 4003 367 4064 Ecl.
382 4005 424 4064 II.
470 4001 594 4065 Imitari
616 4017 693 4063 sunt
710 4001 868 4064 Chariton
883 4001 924 4076 V,
947 4019 992 4064 ro.
1016 3997 1085 4078 (vbi
1101 3991 1189 4056 conf.

120 4089 284 4164 Dprvill.)
307 4103 340 4148 et
362 4086 503 4150 Ovidius
518 4085 739 4170 Metamorph.
753 4078 843 4148 XIV.
859 4081 922 4170 698
936 4097 1119 4168 sqq.·atque
1141 4079 1190 4139 in·

122 4190 172 4238 ter
185 4172 386 4237 recentiores
402 4173 572 4234 liamlsrrcs
587 4171 622 4234 in
637 4187 787 4255 poemate
799 4171 1010 4236 Alcimeden
1025 4166 1192 4248 inscripto.
