<?xml version="1.0" encoding="UTF-8"?>
<!DOCTYPE html PUBLIC "-//W3C//DTD XHTML 1.0 Transitional//EN"
    "http://www.w3.org/TR/xhtml1/DTD/xhtml1-transitional.dtd">
<html xmlns="http://www.w3.org/1999/xhtml" xml:lang="en" lang="en">
 <head>
  <title>
</title>
<meta http-equiv="Content-Type" content="text/html;charset=utf-8" />
  <meta name='ocr-system' content='tesseract 3.04.00' />
  <meta name='ocr-capabilities' content='ocr_page ocr_carea ocr_par ocr_line ocrx_word'/>
</head>
<body>
  <div class='ocr_page' id='page_1' title='image "./theocritireliqv00kiesgoog_0773.png"; bbox 0 0 2922 5026; ppageno 0'>
   <div class='ocr_carea' id='block_1_1' title="bbox 263 449 949 537">
    <p class='ocr_par' dir='ltr' id='par_1_1' title="bbox 263 449 949 537">
     <span class='ocr_line' id='line_1_1' title="bbox 263 449 949 537; baseline -0.01 -21"><span class='ocrx_word' id='word_1_1' title='bbox 263 449 324 537; x_wconf 79' lang='lat'><strong>764</strong></span> <span class='ocrx_word' id='word_1_2' title='bbox 539 525 544 537; x_wconf 57' lang='grc'>,</span> <span class='ocrx_word' id='word_1_3' title='bbox 639 450 949 514; x_wconf 75' lang='lat' dir='ltr'><strong>enorrrror</strong></span> 
     </span>
    </p>
   </div>
   <div class='ocr_carea' id='block_1_2' title="bbox 256 611 1315 1338">
    <p class='ocr_par' dir='ltr' id='par_1_2' title="bbox 256 611 1315 1338">
     <span class='ocr_line' id='line_1_2' title="bbox 257 611 1315 720; baseline -0.009 -18"><span class='ocrx_word' id='word_1_4' title='bbox 257 619 396 720; x_wconf 80' lang='grc' dir='ltr'><em>Βωμάι</em></span> <span class='ocrx_word' id='word_1_5' title='bbox 412 620 441 698; x_wconf 77' lang='lat' dir='ltr'><strong>d</strong></span> <span class='ocrx_word' id='word_1_6' title='bbox 457 617 601 717; x_wconf 79' lang='grc' dir='ltr'><strong>αἱμάξει</strong></span> <span class='ocrx_word' id='word_1_7' title='bbox 616 613 742 717; x_wconf 72' lang='lat' dir='ltr'><strong>repeda</strong></span> <span class='ocrx_word' id='word_1_8' title='bbox 756 613 888 715; x_wconf 82' lang='grc' dir='ltr'><strong><em>τράγος</em></strong></span> <span class='ocrx_word' id='word_1_9' title='bbox 903 613 1010 698; x_wconf 77' lang='grc' dir='ltr'><strong><em>οὗτος</em></strong></span> <span class='ocrx_word' id='word_1_10' title='bbox 1027 615 1049 690; x_wconf 85' lang='grc' dir='ltr'>ὁ</span> <span class='ocrx_word' id='word_1_11' title='bbox 1064 611 1192 711; x_wconf 67' lang='lat' dir='ltr'><strong>ualde,</strong></span> <span class='ocrx_word' id='word_1_12' title='bbox 1282 619 1315 692; x_wconf 84' lang='lat'><strong>·5</strong></span> 
     </span>
     <span class='ocr_line' id='line_1_3' title="bbox 340 717 1095 824; baseline -0.013 -20"><span class='ocrx_word' id='word_1_13' title='bbox 340 727 549 824; x_wconf 77' lang='grc' dir='ltr'><strong><em>Τιρμίνθου</em></strong></span> <span class='ocrx_word' id='word_1_14' title='bbox 567 719 713 822; x_wconf 73' lang='grc' dir='ltr'><strong><em>τράγων</em></strong></span> <span class='ocrx_word' id='word_1_15' title='bbox 731 725 884 812; x_wconf 79' lang='grc' dir='ltr'><strong><em>ἔσχατοι</em></strong></span> <span class='ocrx_word' id='word_1_16' title='bbox 901 717 1095 819; x_wconf 81' lang='grc' dir='ltr'><strong><em>άιιρέμοια.</em></strong></span> 
     </span>
     <span class='ocr_line' id='line_1_4' title="bbox 639 817 920 916; baseline -0.043 -15"><span class='ocrx_word' id='word_1_17' title='bbox 639 827 825 901; x_wconf 76' lang='lat' dir='ltr'><strong>AAAu</strong></span> <span class='ocrx_word' id='word_1_18' title='bbox 877 817 920 916; x_wconf 52' lang='lat' dir='ltr'><em>ff</em></span> 
     </span>
     <span class='ocr_line' id='line_1_5' title="bbox 256 921 1177 1031; baseline -0.008 -23"><span class='ocrx_word' id='word_1_19' title='bbox 256 930 401 1031; x_wconf 78' lang='grc' dir='ltr'><strong>Δάφνις</strong></span> <span class='ocrx_word' id='word_1_20' title='bbox 420 931 440 1006; x_wconf 84' lang='grc' dir='ltr'>ὁ</span> <span class='ocrx_word' id='word_1_21' title='bbox 456 924 672 1027; x_wconf 79' lang='grc' dir='ltr'><strong><em>λευκόχρως,</em></strong></span> <span class='ocrx_word' id='word_1_22' title='bbox 699 927 828 1020; x_wconf 67' lang='lat' dir='ltr'><strong>dauid</strong></span> <span class='ocrx_word' id='word_1_23' title='bbox 847 921 988 1022; x_wconf 80' lang='grc' dir='ltr'><strong><em>σύριγγι</em></strong></span> <span class='ocrx_word' id='word_1_24' title='bbox 1000 925 1177 1019; x_wconf 65' lang='lat' dir='ltr'><strong>patiatur</strong></span> 
     </span>
     <span class='ocr_line' id='line_1_6' title="bbox 332 1023 1097 1126; baseline -0.012 -15"><span class='ocrx_word' id='word_1_25' title='bbox 332 1031 544 1114; x_wconf 78' lang='grc' dir='ltr'><strong><em>Βωκολιιιάς</em></strong></span> <span class='ocrx_word' id='word_1_26' title='bbox 564 1032 701 1126; x_wconf 74' lang='grc' dir='ltr'><strong><em>ὕμνοις,</em></strong></span> <span class='ocrx_word' id='word_1_27' title='bbox 729 1029 866 1104; x_wconf 77' lang='grc' dir='ltr'><em>ἄνθετο</em></span> <span class='ocrx_word' id='word_1_28' title='bbox 883 1028 981 1102; x_wconf 74' lang='lat' dir='ltr'><strong>llari</strong></span> <span class='ocrx_word' id='word_1_29' title='bbox 998 1023 1097 1102; x_wconf 80' lang='grc' dir='ltr'><em>τάδε·</em></span> 
     </span>
     <span class='ocr_line' id='line_1_7' title="bbox 259 1125 1312 1236; baseline -0.009 -21"><span class='ocrx_word' id='word_1_30' title='bbox 259 1135 335 1223; x_wconf 79' lang='grc' dir='ltr'><strong>Τάς</strong></span> <span class='ocrx_word' id='word_1_31' title='bbox 362 1133 501 1236; x_wconf 77' lang='grc' dir='ltr'><strong>ιρητάς</strong></span> <span class='ocrx_word' id='word_1_32' title='bbox 518 1132 691 1222; x_wconf 79' lang='grc' dir='ltr'><strong><em>δόνακας,</em></strong></span> <span class='ocrx_word' id='word_1_33' title='bbox 726 1127 772 1206; x_wconf 80' lang='grc' dir='ltr'><strong>τά</strong></span> <span class='ocrx_word' id='word_1_34' title='bbox 789 1125 1018 1226; x_wconf 75' lang='grc' dir='ltr'><strong><em>λαγωβόλοιι,</em></strong></span> <span class='ocrx_word' id='word_1_35' title='bbox 1052 1125 1136 1214; x_wconf 80' lang='grc' dir='ltr'><strong>ὁξάν</strong></span> <span class='ocrx_word' id='word_1_36' title='bbox 1160 1131 1312 1224; x_wconf 72' lang='lat' dir='ltr'><strong>drona,</strong></span> 
     </span>
     <span class='ocr_line' id='line_1_8' title="bbox 332 1229 1169 1338; baseline -0.012 -19"><span class='ocrx_word' id='word_1_37' title='bbox 332 1241 497 1337; x_wconf 78' lang='grc' dir='ltr'><strong><em>Νεβρίδα</em></strong></span> <span class='ocrx_word' id='word_1_38' title='bbox 505 1295 520 1331; x_wconf 91' lang='lat'><strong>,</strong></span> <span class='ocrx_word' id='word_1_39' title='bbox 546 1233 615 1312; x_wconf 77' lang='grc' dir='ltr'><strong>τάν</strong></span> <span class='ocrx_word' id='word_1_40' title='bbox 632 1231 752 1338; x_wconf 76' lang='grc' dir='ltr'><strong><em>πήραν</em></strong></span> <span class='ocrx_word' id='word_1_41' title='bbox 758 1291 774 1327; x_wconf 84' lang='grc'>,</span> <span class='ocrx_word' id='word_1_42' title='bbox 801 1233 825 1331; x_wconf 79' lang='grc' dir='ltr'><em>ᾇ</em></span> <span class='ocrx_word' id='word_1_43' title='bbox 842 1229 920 1326; x_wconf 81' lang='lat' dir='ltr'><strong>rrou&#39;</strong></span> <span class='ocrx_word' id='word_1_44' title='bbox 937 1230 1169 1334; x_wconf 83' lang='grc' dir='ltr'><strong><em>ἑμαλοφόρει.</em></strong></span> 
     </span>
    </p>
   </div>
   <div class='ocr_carea' id='block_1_3' title="bbox 254 1407 465 1430">
    <p class='ocr_par' dir='ltr' id='par_1_3' title="bbox 254 1407 465 1430">
     <span class='ocr_line' id='line_1_9' title="bbox 254 1407 465 1430; baseline -0.005 -3"><span class='ocrx_word' id='word_1_45' title='bbox 254 1407 465 1430; x_wconf 46' lang='lat' dir='ltr'><strong><em>m</em></strong></span> 
     </span>
    </p>
   </div>
   <div class='ocr_carea' id='block_1_4' title="bbox 316 1443 1311 1664">
    <p class='ocr_par' dir='ltr' id='par_1_4' title="bbox 316 1443 1311 1664">
     <span class='ocr_line' id='line_1_10' title="bbox 319 1443 1311 1582; baseline -0.005 -23"><span class='ocrx_word' id='word_1_46' title='bbox 319 1495 467 1580; x_wconf 82' lang='lat' dir='ltr'><strong>Callierg.</strong></span> <span class='ocrx_word' id='word_1_47' title='bbox 483 1516 576 1582; x_wconf 85' lang='lat' dir='ltr'><strong>quam</strong></span> <span class='ocrx_word' id='word_1_48' title='bbox 595 1497 721 1556; x_wconf 78' lang='lat' dir='ltr'><strong>literam</strong></span> <span class='ocrx_word' id='word_1_49' title='bbox 736 1491 916 1575; x_wconf 85' lang='lat' dir='ltr'><strong>Stephanua</strong></span> <span class='ocrx_word' id='word_1_50' title='bbox 933 1443 1051 1556; x_wconf 76' lang='lat' dir='ltr'><strong>omitit.</strong></span> <span class='ocrx_word' id='word_1_51' title='bbox 1068 1528 1111 1540; x_wconf 92' lang='lat'><em>-</em></span> <span class='ocrx_word' id='word_1_52' title='bbox 1124 1495 1242 1578; x_wconf 73' lang='grc' dir='ltr'><strong><em>Λιιφλς</em></strong></span> <span class='ocrx_word' id='word_1_53' title='bbox 1256 1493 1311 1558; x_wconf 71' lang='grc' dir='ltr'><strong>πέ-</strong></span> 
     </span>
     <span class='ocr_line' id='line_1_11' title="bbox 316 1576 1309 1664; baseline -0.006 -18"><span class='ocrx_word' id='word_1_54' title='bbox 316 1607 376 1663; x_wconf 78' lang='grc' dir='ltr'><strong>τρα</strong></span> <span class='ocrx_word' id='word_1_55' title='bbox 401 1596 450 1642; x_wconf 84' lang='lat' dir='ltr'><strong>eat</strong></span> <span class='ocrx_word' id='word_1_56' title='bbox 472 1603 522 1664; x_wconf 88' lang='lat' dir='ltr'><strong>ap.</strong></span> <span class='ocrx_word' id='word_1_57' title='bbox 543 1579 695 1663; x_wconf 87' lang='lat' dir='ltr'><strong>Sophocl.</strong></span> <span class='ocrx_word' id='word_1_58' title='bbox 716 1576 797 1640; x_wconf 86' lang='lat' dir='ltr'><strong>Oed.</strong></span> <span class='ocrx_word' id='word_1_59' title='bbox 820 1579 858 1638; x_wconf 91' lang='lat' dir='ltr'><strong>T.</strong></span> <span class='ocrx_word' id='word_1_60' title='bbox 877 1576 950 1658; x_wconf 79' lang='lat'><strong>472.</strong></span> <span class='ocrx_word' id='word_1_61' title='bbox 970 1592 1002 1639; x_wconf 84' lang='lat' dir='ltr'><strong>et</strong></span> <span class='ocrx_word' id='word_1_62' title='bbox 1022 1577 1136 1661; x_wconf 91' lang='lat' dir='ltr'><strong>Eurip.</strong></span> <span class='ocrx_word' id='word_1_63' title='bbox 1156 1576 1309 1642; x_wconf 78' lang='lat' dir='ltr'><strong>Androm.</strong></span> 
     </span>
    </p>
   </div>
   <div class='ocr_carea' id='block_1_5' title="bbox 318 1663 548 1752">
    <p class='ocr_par' dir='ltr' id='par_1_5' title="bbox 318 1663 548 1752">
     <span class='ocr_line' id='line_1_12' title="bbox 318 1663 548 1752; baseline -0.022 -21"><span class='ocrx_word' id='word_1_64' title='bbox 318 1663 389 1752; x_wconf 75' lang='lat'><strong>598.</strong></span> <span class='ocrx_word' id='word_1_65' title='bbox 431 1669 548 1727; x_wconf 59' lang='lat' dir='ltr'><strong>Kissie.</strong></span> 
     </span>
    </p>
   </div>
   <div class='ocr_carea' id='block_1_6' title="bbox 272 1777 1309 2806">
    <p class='ocr_par' dir='ltr' id='par_1_6' title="bbox 272 1777 1309 2806">
     <span class='ocr_line' id='line_1_13' title="bbox 272 1777 1308 1866; baseline -0.004 -20"><span class='ocrx_word' id='word_1_66' title='bbox 272 1785 303 1852; x_wconf 84' lang='lat'><strong>5.</strong></span> <span class='ocrx_word' id='word_1_67' title='bbox 325 1780 440 1866; x_wconf 75' lang='grc' dir='ltr'><strong>ὁμαλάς</strong></span> <span class='ocrx_word' id='word_1_68' title='bbox 454 1784 656 1846; x_wconf 85' lang='lat' dir='ltr'><strong>coniunctim</strong></span> <span class='ocrx_word' id='word_1_69' title='bbox 670 1795 793 1844; x_wconf 71' lang='lat' dir='ltr'><strong>vetere·</strong></span> <span class='ocrx_word' id='word_1_70' title='bbox 806 1779 880 1845; x_wconf 90' lang='lat' dir='ltr'><strong>edd.</strong></span> <span class='ocrx_word' id='word_1_71' title='bbox 897 1779 916 1848; x_wconf 81' lang='grc' dir='ltr'><em>ὅ</em></span> <span class='ocrx_word' id='word_1_72' title='bbox 929 1777 1027 1864; x_wconf 58' lang='lat' dir='ltr'><strong>palie</strong></span> <span class='ocrx_word' id='word_1_73' title='bbox 1040 1783 1254 1858; x_wconf 71' lang='lat' dir='ltr'><strong>recentiores,</strong></span> <span class='ocrx_word' id='word_1_74' title='bbox 1274 1782 1308 1842; x_wconf 91' lang='lat' dir='ltr'><strong>in</strong></span> 
     </span>
     <span class='ocr_line' id='line_1_14' title="bbox 316 1865 1308 1947; baseline -0.004 -17"><span class='ocrx_word' id='word_1_75' title='bbox 316 1869 368 1930; x_wconf 87' lang='lat' dir='ltr'><strong>hia</strong></span> <span class='ocrx_word' id='word_1_76' title='bbox 385 1869 636 1944; x_wconf 75' lang='lat' dir='ltr'><strong>Valckenarius,</strong></span> <span class='ocrx_word' id='word_1_77' title='bbox 661 1883 717 1929; x_wconf 87' lang='lat' dir='ltr'><strong>aut</strong></span> <span class='ocrx_word' id='word_1_78' title='bbox 732 1865 862 1947; x_wconf 83' lang='grc' dir='ltr'><strong><em>μαλλός,</em></strong></span> <span class='ocrx_word' id='word_1_79' title='bbox 887 1882 923 1927; x_wconf 90' lang='lat' dir='ltr'><strong>vt</strong></span> <span class='ocrx_word' id='word_1_80' title='bbox 936 1869 1114 1928; x_wconf 86' lang='lat' dir='ltr'><strong>Wartouua</strong></span> <span class='ocrx_word' id='word_1_81' title='bbox 1131 1867 1225 1930; x_wconf 88' lang='lat' dir='ltr'><strong>metri</strong></span> <span class='ocrx_word' id='word_1_82' title='bbox 1238 1889 1308 1928; x_wconf 90' lang='lat' dir='ltr'><strong>cau·</strong></span> 
     </span>
     <span class='ocr_line' id='line_1_15' title="bbox 315 1951 1308 2037; baseline -0.003 -22"><span class='ocrx_word' id='word_1_83' title='bbox 315 1975 349 2016; x_wconf 78' lang='lat' dir='ltr'><strong>ra</strong></span> <span class='ocrx_word' id='word_1_84' title='bbox 364 1953 473 2014; x_wconf 87' lang='lat' dir='ltr'><strong>voluit</strong></span> <span class='ocrx_word' id='word_1_85' title='bbox 493 1966 526 2014; x_wconf 89' lang='lat' dir='ltr'><strong>et</strong></span> <span class='ocrx_word' id='word_1_86' title='bbox 540 1953 725 2016; x_wconf 85' lang='lat' dir='ltr'><strong>Brunckiua</strong></span> <span class='ocrx_word' id='word_1_87' title='bbox 746 1951 846 2013; x_wconf 80' lang='lat' dir='ltr'><strong>dedit.</strong></span> <span class='ocrx_word' id='word_1_88' title='bbox 890 1953 934 2012; x_wconf 87' lang='lat' dir='ltr'><strong>Et</strong></span> <span class='ocrx_word' id='word_1_89' title='bbox 950 1953 1146 2028; x_wconf 74' lang='lat' dir='ltr'><strong>wartonus,</strong></span> <span class='ocrx_word' id='word_1_90' title='bbox 1171 1952 1227 2037; x_wconf 90' lang='lat' dir='ltr'><strong>qui</strong></span> <span class='ocrx_word' id='word_1_91' title='bbox 1244 1953 1308 2036; x_wconf 91' lang='lat' dir='ltr'><strong>pri·</strong></span> 
     </span>
     <span class='ocr_line' id='line_1_16' title="bbox 314 2039 1309 2142; baseline -0.002 -42"><span class='ocrx_word' id='word_1_92' title='bbox 314 2059 369 2100; x_wconf 86' lang='lat' dir='ltr'><strong>mo</strong></span> <span class='ocrx_word' id='word_1_93' title='bbox 392 2053 548 2111; x_wconf 83' lang='lat' dir='ltr'><strong>verterat,</strong></span> <span class='ocrx_word' id='word_1_94' title='bbox 570 2051 721 2098; x_wconf 71' lang='lat' dir='ltr'><strong>corruatur</strong></span> <span class='ocrx_word' id='word_1_95' title='bbox 742 2039 815 2110; x_wconf 77' lang='lat' dir='ltr'><strong>illa,</strong></span> <span class='ocrx_word' id='word_1_96' title='bbox 839 2042 997 2120; x_wconf 72' lang='lat' dir='ltr'><strong>quiteriae</strong></span> <span class='ocrx_word' id='word_1_97' title='bbox 1019 2050 1065 2098; x_wconf 77' lang='lat' dir='ltr'><strong>eat</strong></span> <span class='ocrx_word' id='word_1_98' title='bbox 1087 2039 1200 2111; x_wconf 74' lang='lat' dir='ltr'><strong>uillae,</strong></span> <span class='ocrx_word' id='word_1_99' title='bbox 1222 2051 1309 2142; x_wconf 82' lang='lat' dir='ltr'><strong>pust·</strong></span> 
     </span>
     <span class='ocr_line' id='line_1_17' title="bbox 316 2119 1309 2209; baseline -0.003 -25"><span class='ocrx_word' id='word_1_100' title='bbox 316 2143 354 2184; x_wconf 86' lang='lat' dir='ltr'><strong>ea</strong></span> <span class='ocrx_word' id='word_1_101' title='bbox 374 2121 526 2206; x_wconf 86' lang='lat' dir='ltr'><strong>probavit</strong></span> <span class='ocrx_word' id='word_1_102' title='bbox 549 2124 674 2204; x_wconf 92' lang='lat' dir='ltr'><strong>Toupii</strong></span> <span class='ocrx_word' id='word_1_103' title='bbox 700 2122 966 2204; x_wconf 82' lang='lat' dir='ltr'><strong>explicationem:</strong></span> <span class='ocrx_word' id='word_1_104' title='bbox 996 2119 1129 2209; x_wconf 72' lang='grc' dir='ltr'><strong>,,ιράγος</strong></span> <span class='ocrx_word' id='word_1_105' title='bbox 1150 2131 1246 2206; x_wconf 80' lang='grc' dir='ltr'><strong><em>μαλος</em></strong></span> <span class='ocrx_word' id='word_1_106' title='bbox 1261 2133 1309 2183; x_wconf 89' lang='lat' dir='ltr'><strong>eat</strong></span> 
     </span>
     <span class='ocr_line' id='line_1_18' title="bbox 318 2204 1307 2290; baseline 0 -22"><span class='ocrx_word' id='word_1_107' title='bbox 318 2231 412 2290; x_wconf 82' lang='lat' dir='ltr'><strong>caper</strong></span> <span class='ocrx_word' id='word_1_108' title='bbox 431 2209 545 2284; x_wconf 64' lang='lat' dir='ltr'><strong>albim</strong></span> <span class='ocrx_word' id='word_1_109' title='bbox 576 2206 662 2268; x_wconf 86' lang='lat' dir='ltr'><strong>idem</strong></span> <span class='ocrx_word' id='word_1_110' title='bbox 685 2205 780 2290; x_wconf 81' lang='grc' dir='ltr'><em>μαλός</em></span> <span class='ocrx_word' id='word_1_111' title='bbox 802 2222 835 2268; x_wconf 89' lang='lat' dir='ltr'><strong>et</strong></span> <span class='ocrx_word' id='word_1_112' title='bbox 854 2204 967 2290; x_wconf 82' lang='grc' dir='ltr'><strong><em>μαλλός</em></strong></span> <span class='ocrx_word' id='word_1_113' title='bbox 988 2215 1075 2270; x_wconf 82' lang='lat' dir='ltr'><strong>etc.“</strong></span> <span class='ocrx_word' id='word_1_114' title='bbox 1103 2231 1134 2270; x_wconf 85' lang='lat' dir='ltr'><strong>v.</strong></span> <span class='ocrx_word' id='word_1_115' title='bbox 1159 2207 1199 2269; x_wconf 89' lang='lat' dir='ltr'><strong>ad</strong></span> <span class='ocrx_word' id='word_1_116' title='bbox 1215 2207 1307 2290; x_wconf 86' lang='lat' dir='ltr'><strong>ldyll.</strong></span> 
     </span>
     <span class='ocr_line' id='line_1_19' title="bbox 314 2291 1306 2375; baseline -0.005 -17"><span class='ocrx_word' id='word_1_117' title='bbox 314 2293 436 2358; x_wconf 87' lang='lat' dir='ltr'><strong>XXVI.</strong></span> <span class='ocrx_word' id='word_1_118' title='bbox 459 2315 483 2357; x_wconf 90' lang='lat'><strong>1.</strong></span> <span class='ocrx_word' id='word_1_119' title='bbox 501 2294 645 2354; x_wconf 76' lang='lat' dir='ltr'><strong>Priamus</strong></span> <span class='ocrx_word' id='word_1_120' title='bbox 665 2307 770 2354; x_wconf 87' lang='lat' dir='ltr'><strong>tamen</strong></span> <span class='ocrx_word' id='word_1_121' title='bbox 790 2295 938 2373; x_wconf 84' lang='lat' dir='ltr'><strong>Vlyaaem</strong></span> <span class='ocrx_word' id='word_1_122' title='bbox 954 2291 1040 2375; x_wconf 92' lang='lat' dir='ltr'><strong>apud</strong></span> <span class='ocrx_word' id='word_1_123' title='bbox 1059 2295 1156 2355; x_wconf 84' lang='lat' dir='ltr'><strong>Hom.</strong></span> <span class='ocrx_word' id='word_1_124' title='bbox 1173 2291 1262 2356; x_wconf 92' lang='lat' dir='ltr'><strong>lliad.</strong></span> <span class='ocrx_word' id='word_1_125' title='bbox 1277 2317 1306 2374; x_wconf 84' lang='grc' dir='ltr'><strong>γ.</strong></span> 
     </span>
     <span class='ocr_line' id='line_1_20' title="bbox 315 2375 1308 2466; baseline -0.008 -21"><span class='ocrx_word' id='word_1_126' title='bbox 315 2401 387 2466; x_wconf 79' lang='lat'><strong>197.</strong></span> <span class='ocrx_word' id='word_1_127' title='bbox 403 2392 567 2462; x_wconf 86' lang='lat' dir='ltr'><strong>comparat</strong></span> <span class='ocrx_word' id='word_1_128' title='bbox 582 2376 692 2463; x_wconf 82' lang='grc' dir='ltr'><strong><em>άριιιῷ</em></strong></span> <span class='ocrx_word' id='word_1_129' title='bbox 708 2413 748 2426; x_wconf 91' lang='grc'>-</span> <span class='ocrx_word' id='word_1_130' title='bbox 764 2375 997 2462; x_wconf 76' lang='grc' dir='ltr'><strong>πηγεσιμάλλῳ,</strong></span> <span class='ocrx_word' id='word_1_131' title='bbox 1019 2401 1092 2440; x_wconf 80' lang='lat' dir='ltr'><strong>rum</strong></span> <span class='ocrx_word' id='word_1_132' title='bbox 1105 2383 1204 2440; x_wconf 72' lang='lat' dir='ltr'><strong>ariera</strong></span> <span class='ocrx_word' id='word_1_133' title='bbox 1218 2379 1308 2439; x_wconf 74' lang='lat' dir='ltr'><strong>demi</strong></span> 
     </span>
     <span class='ocr_line' id='line_1_21' title="bbox 310 2459 1306 2541; baseline -0.004 -17"><span class='ocrx_word' id='word_1_134' title='bbox 310 2467 456 2540; x_wconf 69' lang='lat' dir='ltr'><strong>vellaria,</strong></span> <span class='ocrx_word' id='word_1_135' title='bbox 510 2485 581 2527; x_wconf 86' lang='lat' dir='ltr'><strong>uem</strong></span> <span class='ocrx_word' id='word_1_136' title='bbox 600 2477 694 2526; x_wconf 86' lang='lat' dir='ltr'><strong>antea</strong></span> <span class='ocrx_word' id='word_1_137' title='bbox 713 2461 858 2539; x_wconf 84' lang='lat' dir='ltr'><strong>dixerat,</strong></span> <span class='ocrx_word' id='word_1_138' title='bbox 890 2467 992 2538; x_wconf 63' lang='grc' dir='ltr'><strong>ιιτλλιιιΙ</strong></span> <span class='ocrx_word' id='word_1_139' title='bbox 1008 2459 1067 2541; x_wconf 72' lang='grc' dir='ltr'><strong>ὥς,</strong></span> <span class='ocrx_word' id='word_1_140' title='bbox 1097 2469 1183 2526; x_wconf 75' lang='lat' dir='ltr'><strong>ariae</strong></span> <span class='ocrx_word' id='word_1_141' title='bbox 1202 2465 1306 2528; x_wconf 69' lang='lat' dir='ltr'><strong>vetur.</strong></span> 
     </span>
     <span class='ocr_line' id='line_1_22' title="bbox 310 2485 1305 2634; baseline -0.005 -21"><span class='ocrx_word' id='word_1_142' title='bbox 310 2550 466 2613; x_wconf 75' lang='lat' dir='ltr'><strong>Reialtiua</strong></span> <span class='ocrx_word' id='word_1_143' title='bbox 484 2485 523 2610; x_wconf 77' lang='lat' dir='ltr'><strong>de</strong></span> <span class='ocrx_word' id='word_1_144' title='bbox 538 2549 725 2611; x_wconf 87' lang='lat' dir='ltr'><strong>coniectura</strong></span> <span class='ocrx_word' id='word_1_145' title='bbox 739 2548 884 2631; x_wconf 81' lang='lat' dir='ltr'><strong>reposuit</strong></span> <span class='ocrx_word' id='word_1_146' title='bbox 899 2549 919 2615; x_wconf 81' lang='grc' dir='ltr'><em>ά</em></span> <span class='ocrx_word' id='word_1_147' title='bbox 929 2546 1064 2634; x_wconf 76' lang='grc' dir='ltr'><strong>μάχλος,</strong></span> <span class='ocrx_word' id='word_1_148' title='bbox 1086 2551 1141 2610; x_wconf 77' lang='lat' dir='ltr'><strong>illa</strong></span> <span class='ocrx_word' id='word_1_149' title='bbox 1154 2551 1305 2620; x_wconf 73' lang='lat' dir='ltr'><strong>lascivus,</strong></span> 
     </span>
     <span class='ocr_line' id='line_1_23' title="bbox 312 2625 1307 2720; baseline 0.004 -22"><span class='ocrx_word' id='word_1_150' title='bbox 312 2638 418 2698; x_wconf 74' lang='lat' dir='ltr'><strong>calar.</strong></span> <span class='ocrx_word' id='word_1_151' title='bbox 440 2635 537 2695; x_wconf 79' lang='lat' dir='ltr'><strong>Harl.</strong></span> <span class='ocrx_word' id='word_1_152' title='bbox 558 2631 762 2716; x_wconf 76' lang='lat' dir='ltr'><strong>Hesychiua:</strong></span> <span class='ocrx_word' id='word_1_153' title='bbox 784 2625 894 2719; x_wconf 81' lang='grc' dir='ltr'><strong><em>μαλός,</em></strong></span> <span class='ocrx_word' id='word_1_154' title='bbox 915 2631 1031 2712; x_wconf 69' lang='grc' dir='ltr'><strong><em>λευκός·</em></strong></span> <span class='ocrx_word' id='word_1_155' title='bbox 1045 2628 1215 2720; x_wconf 66' lang='lat' dir='ltr'><strong>pollucere,</strong></span> <span class='ocrx_word' id='word_1_156' title='bbox 1241 2633 1307 2714; x_wconf 71' lang='grc' dir='ltr'><strong>ἥτις</strong></span> 
     </span>
     <span class='ocr_line' id='line_1_24' title="bbox 310 2715 685 2806; baseline -0.011 -18"><span class='ocrx_word' id='word_1_157' title='bbox 310 2715 366 2800; x_wconf 72' lang='grc' dir='ltr'><strong>τήν</strong></span> <span class='ocrx_word' id='word_1_158' title='bbox 379 2716 476 2804; x_wconf 80' lang='grc' dir='ltr'><strong>ου’ράιι</strong></span> <span class='ocrx_word' id='word_1_159' title='bbox 489 2719 553 2806; x_wconf 78' lang='grc' dir='ltr'><strong>ἔχει</strong></span> <span class='ocrx_word' id='word_1_160' title='bbox 566 2717 685 2796; x_wconf 73' lang='grc' dir='ltr'><strong>λευκήν.</strong></span> 
     </span>
    </p>
   </div>
   <div class='ocr_carea' id='block_1_7' title="bbox 265 2853 1307 3114">
    <p class='ocr_par' dir='ltr' id='par_1_7' title="bbox 265 2853 1307 3114">
     <span class='ocr_line' id='line_1_25' title="bbox 265 2853 1307 2941; baseline -0.005 -19"><span class='ocrx_word' id='word_1_161' title='bbox 265 2853 297 2922; x_wconf 78' lang='grc'><strong>6.</strong></span> <span class='ocrx_word' id='word_1_162' title='bbox 326 2856 517 2941; x_wconf 76' lang='grc' dir='ltr'><strong><em>Τι’ρμινθος,</em></strong></span> <span class='ocrx_word' id='word_1_163' title='bbox 549 2855 754 2938; x_wconf 59' lang='lat' dir='ltr'><strong>strepuere,</strong></span> <span class='ocrx_word' id='word_1_164' title='bbox 783 2853 1002 2918; x_wconf 86' lang='lat' dir='ltr'><strong>Terebinthua</strong></span> <span class='ocrx_word' id='word_1_165' title='bbox 1017 2853 1057 2918; x_wconf 93' lang='lat' dir='ltr'><strong>ad</strong></span> <span class='ocrx_word' id='word_1_166' title='bbox 1074 2855 1234 2919; x_wconf 80' lang='lat' dir='ltr'><strong>Pistaciae</strong></span> <span class='ocrx_word' id='word_1_167' title='bbox 1255 2877 1307 2941; x_wconf 82' lang='lat' dir='ltr'><strong>gc·</strong></span> 
     </span>
     <span class='ocr_line' id='line_1_26' title="bbox 310 2941 1306 3029; baseline -0.003 -25"><span class='ocrx_word' id='word_1_168' title='bbox 310 2964 371 3003; x_wconf 82' lang='lat' dir='ltr'><strong>nus</strong></span> <span class='ocrx_word' id='word_1_169' title='bbox 391 2941 554 3002; x_wconf 89' lang='lat' dir='ltr'><strong>aLinneo</strong></span> <span class='ocrx_word' id='word_1_170' title='bbox 572 2943 680 3001; x_wconf 91' lang='lat' dir='ltr'><strong>relata.</strong></span> <span class='ocrx_word' id='word_1_171' title='bbox 730 2941 1022 3002; x_wconf 77' lang='lat' dir='ltr'><strong>Tarbentlu&#39;nbaum.</strong></span> <span class='ocrx_word' id='word_1_172' title='bbox 1053 2942 1210 3005; x_wconf 74' lang='lat' dir='ltr'><strong>Sckreber.</strong></span> <span class='ocrx_word' id='word_1_173' title='bbox 1233 2967 1306 3029; x_wconf 80' lang='grc' dir='ltr'><strong><em>περ·</em></strong></span> 
     </span>
     <span class='ocr_line' id='line_1_27' title="bbox 306 3023 1017 3114; baseline -0.004 -22"><span class='ocrx_word' id='word_1_174' title='bbox 306 3033 424 3114; x_wconf 72' lang='grc' dir='ltr'><strong><em>μίνθου</em></strong></span> <span class='ocrx_word' id='word_1_175' title='bbox 438 3026 474 3085; x_wconf 88' lang='lat' dir='ltr'><strong>in</strong></span> <span class='ocrx_word' id='word_1_176' title='bbox 493 3023 551 3088; x_wconf 90' lang='lat' dir='ltr'><strong>Cd.</strong></span> <span class='ocrx_word' id='word_1_177' title='bbox 566 3025 640 3088; x_wconf 79' lang='lat' dir='ltr'><strong>Vct.</strong></span> <span class='ocrx_word' id='word_1_178' title='bbox 655 3044 673 3085; x_wconf 85' lang='lat' dir='ltr'><strong>a</strong></span> <span class='ocrx_word' id='word_1_179' title='bbox 686 3045 733 3108; x_wconf 92' lang='lat' dir='ltr'><strong>pr.</strong></span> <span class='ocrx_word' id='word_1_180' title='bbox 747 3047 855 3088; x_wconf 87' lang='lat' dir='ltr'><strong>manu.</strong></span> <span class='ocrx_word' id='word_1_181' title='bbox 899 3028 1017 3090; x_wconf 80' lang='lat' dir='ltr'><strong>Kicarl.</strong></span> 
     </span>
    </p>
   </div>
   <div class='ocr_carea' id='block_1_8' title="bbox 754 3177 805 3239">
    <p class='ocr_par' dir='ltr' id='par_1_8' title="bbox 754 3177 805 3239">
     <span class='ocr_line' id='line_1_28' title="bbox 754 3177 805 3239; baseline -0.02 0"><span class='ocrx_word' id='word_1_182' title='bbox 754 3177 805 3239; x_wconf 94' lang='lat'><strong>11.</strong></span> 
     </span>
    </p>
   </div>
   <div class='ocr_carea' id='block_1_9' title="bbox 263 3280 1304 3603">
    <p class='ocr_par' dir='ltr' id='par_1_9' title="bbox 263 3280 1304 3603">
     <span class='ocr_line' id='line_1_29' title="bbox 263 3280 1303 3369; baseline -0.004 -20"><span class='ocrx_word' id='word_1_183' title='bbox 263 3284 416 3369; x_wconf 77' lang='lat' dir='ltr'><strong>Daphnis</strong></span> <span class='ocrx_word' id='word_1_184' title='bbox 429 3281 587 3357; x_wconf 87' lang='lat' dir='ltr'><strong>muaicae,</strong></span> <span class='ocrx_word' id='word_1_185' title='bbox 609 3280 780 3343; x_wconf 82' lang='lat' dir='ltr'><strong>venationi</strong></span> <span class='ocrx_word' id='word_1_186' title='bbox 798 3295 831 3340; x_wconf 89' lang='lat' dir='ltr'><strong>et</strong></span> <span class='ocrx_word' id='word_1_187' title='bbox 845 3281 947 3343; x_wconf 83' lang='lat' dir='ltr'><strong>amori</strong></span> <span class='ocrx_word' id='word_1_188' title='bbox 961 3282 1170 3361; x_wconf 77' lang='lat' dir='ltr'><strong>renuntians,</strong></span> <span class='ocrx_word' id='word_1_189' title='bbox 1195 3283 1303 3359; x_wconf 78' lang='lat' dir='ltr'><strong>tibiae,</strong></span> 
     </span>
     <span class='ocr_line' id='line_1_30' title="bbox 310 3363 1304 3454; baseline 0.001 -24"><span class='ocrx_word' id='word_1_190' title='bbox 310 3368 446 3454; x_wconf 85' lang='lat' dir='ltr'><strong>pedum,</strong></span> <span class='ocrx_word' id='word_1_191' title='bbox 474 3366 614 3428; x_wconf 89' lang='lat' dir='ltr'><strong>iaculum</strong></span> <span class='ocrx_word' id='word_1_192' title='bbox 630 3379 689 3427; x_wconf 87' lang='lat' dir='ltr'><strong>cet.</strong></span> <span class='ocrx_word' id='word_1_193' title='bbox 705 3364 785 3426; x_wconf 88' lang='lat' dir='ltr'><strong>Pani</strong></span> <span class='ocrx_word' id='word_1_194' title='bbox 801 3363 940 3428; x_wconf 85' lang='lat' dir='ltr'><strong>dedicat.</strong></span> <span class='ocrx_word' id='word_1_195' title='bbox 983 3366 1063 3428; x_wconf 88' lang='lat' dir='ltr'><strong>lude</strong></span> <span class='ocrx_word' id='word_1_196' title='bbox 1077 3367 1174 3430; x_wconf 85' lang='lat' dir='ltr'><strong>etiam</strong></span> <span class='ocrx_word' id='word_1_197' title='bbox 1189 3369 1223 3428; x_wconf 90' lang='lat' dir='ltr'><strong>in</strong></span> <span class='ocrx_word' id='word_1_198' title='bbox 1234 3367 1304 3431; x_wconf 88' lang='lat' dir='ltr'><strong>cod.</strong></span> 
     </span>
     <span class='ocr_line' id='line_1_31' title="bbox 305 3446 1303 3603; baseline 0.009 -92"><span class='ocrx_word' id='word_1_199' title='bbox 305 3455 412 3603; x_wconf 46' lang='lat' dir='ltr'><strong>{affl</strong></span> <span class='ocrx_word' id='word_1_200' title='bbox 435 3451 625 3536; x_wconf 71' lang='lat' dir='ltr'><strong>inscriptio:</strong></span> <span class='ocrx_word' id='word_1_201' title='bbox 653 3446 822 3532; x_wconf 71' lang='grc' dir='ltr'><strong>’Διάθημα</strong></span> <span class='ocrx_word' id='word_1_202' title='bbox 841 3452 883 3536; x_wconf 76' lang='lat' dir='ltr'><strong>aqi</strong></span> <span class='ocrx_word' id='word_1_203' title='bbox 914 3457 1004 3518; x_wconf 71' lang='grc' dir='ltr'><strong>Πανὶ</strong></span> <span class='ocrx_word' id='word_1_204' title='bbox 1022 3450 1110 3537; x_wconf 82' lang='grc' dir='ltr'><strong>παρά</strong></span> <span class='ocrx_word' id='word_1_205' title='bbox 1136 3449 1303 3538; x_wconf 76' lang='grc' dir='ltr'><strong>Δάφνιδος.</strong></span> 
     </span>
    </p>
   </div>
   <div class='ocr_carea' id='block_1_10' title="bbox 256 3659 1306 4270">
    <p class='ocr_par' dir='ltr' id='par_1_10' title="bbox 256 3659 1306 4270">
     <span class='ocr_line' id='line_1_32' title="bbox 256 3659 1303 3764; baseline -0.006 -28"><span class='ocrx_word' id='word_1_206' title='bbox 256 3675 296 3764; x_wconf 60' lang='lat' dir='ltr'><strong>ff.</strong></span> <span class='ocrx_word' id='word_1_207' title='bbox 321 3699 348 3742; x_wconf 84' lang='grc' dir='ltr'><strong>ι.</strong></span> <span class='ocrx_word' id='word_1_208' title='bbox 371 3675 469 3736; x_wconf 88' lang='lat' dir='ltr'><strong>Hunc</strong></span> <span class='ocrx_word' id='word_1_209' title='bbox 489 3693 616 3734; x_wconf 77' lang='lat' dir='ltr'><strong>versum</strong></span> <span class='ocrx_word' id='word_1_210' title='bbox 633 3668 745 3731; x_wconf 87' lang='lat' dir='ltr'><strong>laudat</strong></span> <span class='ocrx_word' id='word_1_211' title='bbox 765 3670 878 3732; x_wconf 87' lang='lat' dir='ltr'><strong>Suidaa</strong></span> <span class='ocrx_word' id='word_1_212' title='bbox 899 3672 934 3734; x_wconf 84' lang='lat' dir='ltr'><strong>in</strong></span> <span class='ocrx_word' id='word_1_213' title='bbox 957 3659 1048 3739; x_wconf 73' lang='lat' dir='ltr'><strong>lariad</strong></span> <span class='ocrx_word' id='word_1_214' title='bbox 1067 3699 1140 3755; x_wconf 74' lang='grc' dir='ltr'><strong><em>ρωρ.</em></strong></span> <span class='ocrx_word' id='word_1_215' title='bbox 1185 3673 1303 3732; x_wconf 79' lang='lat' dir='ltr'><strong>Kiaaal.</strong></span> 
     </span>
     <span class='ocr_line' id='line_1_33' title="bbox 303 3755 1304 3839; baseline -0.011 -10"><span class='ocrx_word' id='word_1_216' title='bbox 303 3757 398 3832; x_wconf 77' lang='grc' dir='ltr'><strong><em>καλά,</em></strong></span> <span class='ocrx_word' id='word_1_217' title='bbox 429 3755 676 3830; x_wconf 83' lang='lat' dir='ltr'><strong>adverbialiter,</strong></span> <span class='ocrx_word' id='word_1_218' title='bbox 709 3759 821 3834; x_wconf 75' lang='lat' dir='ltr'><strong>pulcra</strong></span> <span class='ocrx_word' id='word_1_219' title='bbox 830 3757 954 3834; x_wconf 76' lang='lat' dir='ltr'><strong>fiarula</strong></span> <span class='ocrx_word' id='word_1_220' title='bbox 979 3780 1029 3818; x_wconf 85' lang='lat' dir='ltr'><strong>mo</strong></span> <span class='ocrx_word' id='word_1_221' title='bbox 1053 3761 1148 3820; x_wconf 73' lang='lat' dir='ltr'><strong>ulam</strong></span> <span class='ocrx_word' id='word_1_222' title='bbox 1171 3757 1304 3839; x_wconf 82' lang='grc' dir='ltr'><strong><em>Ιιγιιιιιοι</em></strong></span> 
     </span>
     <span class='ocr_line' id='line_1_34' title="bbox 302 3841 1300 3925; baseline -0.004 -18"><span class='ocrx_word' id='word_1_223' title='bbox 302 3847 480 3914; x_wconf 80' lang='lat' dir='ltr'><strong>bucolieoc,</strong></span> <span class='ocrx_word' id='word_1_224' title='bbox 511 3841 600 3900; x_wconf 85' lang='lat' dir='ltr'><strong>malit</strong></span> <span class='ocrx_word' id='word_1_225' title='bbox 624 3841 821 3918; x_wconf 86' lang='lat' dir='ltr'><strong>Wartonua,</strong></span> <span class='ocrx_word' id='word_1_226' title='bbox 862 3856 895 3903; x_wconf 89' lang='lat' dir='ltr'><strong>at</strong></span> <span class='ocrx_word' id='word_1_227' title='bbox 919 3856 1045 3925; x_wconf 87' lang='lat' dir='ltr'><strong>praeter</strong></span> <span class='ocrx_word' id='word_1_228' title='bbox 1065 3842 1300 3918; x_wconf 81' lang='lat' dir='ltr'><strong>neceaaitatem,</strong></span> 
     </span>
     <span class='ocr_line' id='line_1_35' title="bbox 302 3925 1304 4010; baseline -0.007 -16"><span class='ocrx_word' id='word_1_229' title='bbox 302 3933 401 3995; x_wconf 87' lang='lat' dir='ltr'><strong>etiam</strong></span> <span class='ocrx_word' id='word_1_230' title='bbox 415 3925 630 3990; x_wconf 85' lang='lat' dir='ltr'><strong>Valckenario</strong></span> <span class='ocrx_word' id='word_1_231' title='bbox 649 3939 813 4001; x_wconf 67' lang='lat' dir='ltr'><strong>censente,</strong></span> <span class='ocrx_word' id='word_1_232' title='bbox 847 3948 953 4010; x_wconf 86' lang='lat' dir='ltr'><strong>neque</strong></span> <span class='ocrx_word' id='word_1_233' title='bbox 970 3949 988 3987; x_wconf 92' lang='lat' dir='ltr'><strong>a</strong></span> <span class='ocrx_word' id='word_1_234' title='bbox 1003 3929 1167 3989; x_wconf 89' lang='lat' dir='ltr'><strong>Wartono</strong></span> <span class='ocrx_word' id='word_1_235' title='bbox 1185 3927 1304 3988; x_wconf 78' lang='lat' dir='ltr'><strong>citatur</strong></span> 
     </span>
     <span class='ocr_line' id='line_1_36' title="bbox 302 4009 1306 4097; baseline -0.006 -16"><span class='ocrx_word' id='word_1_236' title='bbox 302 4023 393 4082; x_wconf 79' lang='lat' dir='ltr'><strong>locus</strong></span> <span class='ocrx_word' id='word_1_237' title='bbox 409 4013 563 4094; x_wconf 84' lang='lat' dir='ltr'><strong>Apollon.</strong></span> <span class='ocrx_word' id='word_1_238' title='bbox 585 4013 631 4070; x_wconf 83' lang='lat' dir='ltr'><strong>Ar</strong></span> <span class='ocrx_word' id='word_1_239' title='bbox 655 4031 708 4074; x_wconf 79' lang='lat' dir='ltr'><strong>on.</strong></span> <span class='ocrx_word' id='word_1_240' title='bbox 733 4015 759 4072; x_wconf 89' lang='lat' dir='ltr'><strong>I.</strong></span> <span class='ocrx_word' id='word_1_241' title='bbox 774 4011 847 4094; x_wconf 87' lang='lat'><strong>577.</strong></span> <span class='ocrx_word' id='word_1_242' title='bbox 870 4015 991 4096; x_wconf 81' lang='grc' dir='ltr'><strong><em>σύριγγι</em></strong></span> <span class='ocrx_word' id='word_1_243' title='bbox 1003 4017 1099 4097; x_wconf 74' lang='grc' dir='ltr'><strong><em>λιγείῃ</em></strong></span> <span class='ocrx_word' id='word_1_244' title='bbox 1120 4009 1201 4076; x_wconf 70' lang='grc' dir='ltr'><strong>καλά</strong></span> <span class='ocrx_word' id='word_1_245' title='bbox 1214 4022 1306 4094; x_wconf 70' lang='grc' dir='ltr'><strong><em>μιλι-</em></strong></span> 
     </span>
     <span class='ocr_line' id='line_1_37' title="bbox 302 4033 1305 4183; baseline -0.001 -24"><span class='ocrx_word' id='word_1_246' title='bbox 302 4097 441 4183; x_wconf 69' lang='grc' dir='ltr'><strong>ζόμργος,</strong></span> <span class='ocrx_word' id='word_1_247' title='bbox 478 4096 542 4157; x_wconf 92' lang='lat' dir='ltr'><strong>huc</strong></span> <span class='ocrx_word' id='word_1_248' title='bbox 566 4033 718 4178; x_wconf 81' lang='lat' dir='ltr'><strong>quadrat,</strong></span> <span class='ocrx_word' id='word_1_249' title='bbox 759 4095 848 4179; x_wconf 89' lang='lat' dir='ltr'><strong>quod</strong></span> <span class='ocrx_word' id='word_1_250' title='bbox 871 4095 925 4160; x_wconf 88' lang='lat' dir='ltr'><strong>hic</strong></span> <span class='ocrx_word' id='word_1_251' title='bbox 947 4097 1185 4160; x_wconf 71' lang='lat' dir='ltr'><strong>substantivum</strong></span> <span class='ocrx_word' id='word_1_252' title='bbox 1209 4119 1305 4160; x_wconf 85' lang='lat' dir='ltr'><strong>auum</strong></span> 
     </span>
     <span class='ocr_line' id='line_1_38' title="bbox 304 4179 1033 4270; baseline -0.004 -20"><span class='ocrx_word' id='word_1_253' title='bbox 304 4189 369 4250; x_wconf 84' lang='lat' dir='ltr'><strong>ianr</strong></span> <span class='ocrx_word' id='word_1_254' title='bbox 382 4182 481 4246; x_wconf 88' lang='lat' dir='ltr'><strong>habet</strong></span> <span class='ocrx_word' id='word_1_255' title='bbox 496 4179 710 4258; x_wconf 83' lang='lat' dir='ltr'><strong>adiectivum,</strong></span> <span class='ocrx_word' id='word_1_256' title='bbox 733 4203 765 4242; x_wconf 89' lang='lat' dir='ltr'><strong>n.</strong></span> <span class='ocrx_word' id='word_1_257' title='bbox 785 4185 890 4270; x_wconf 71' lang='grc' dir='ltr'><strong><em>λιγιλργ.</em></strong></span> <span class='ocrx_word' id='word_1_258' title='bbox 934 4185 1033 4247; x_wconf 82' lang='lat' dir='ltr'><strong>Harl.</strong></span> 
     </span>
    </p>
   </div>
   <div class='ocr_carea' id='block_1_11' title="bbox 0 0 1466 5026">
    <p class='ocr_par' dir='ltr' id='par_1_11' title="bbox 0 0 1466 5026">
     <span class='ocr_line' id='line_1_39' title="bbox 0 0 1466 5026; baseline 0 3"><span class='ocrx_word' id='word_1_259' title='bbox 0 0 1466 5026; x_wconf 95' lang='lat' dir='ltr'><strong> </strong></span> 
     </span>
    </p>
   </div>
  </div>
 </body>
</html>
