2926 5022
272 431 337 502 κιο
452 427 1094 502 οεοινιοοαοιοοκαιοα
1128 430 1199 511 st..
1294 475 1300 488 .

274 603 374 683 Ὦδο
390 603 449 680 καὶ
466 603 491 679 οἱ
506 599 686 705 ρὀδόχραι
698 601 829 679 Ἑλένα
845 603 1095 701 Λακεδαίμων
1112 603 1258 706 κόσμος.
1318 655 1323 664 -

284 710 383 786 Οὔτε
399 737 454 790 τις
470 715 508 784 ἐν
522 703 669 805 ταλοὶρρι1
685 706 898 780 aerisonas
910 709 997 804 ἔργα
1014 713 1188 812 τοιαῦτα,

284 810 372 887 οὔτ’
390 813 441 886 ἔνι’
457 813 630 900 satiatio
644 803 888 904 πυκινῶτερον
902 809 1032 906 οἶτριον
1047 817 1136 908 ἱστῷ

281 916 435 1013 Κερκδδι
451 915 678 1008 σομιιλέξασα
693 913 843 1010 μακροῖν
855 911 962 1008 ἕταρ’
978 919 1016 990 ἐκ
1036 913 1243 996 καλούντων.

282 1083 490 1102 m

345 1173 459 1257 ἅρματι
477 1161 605 1251 (κδομος
623 1171 704 1248 iovi)
722 1164 779 1235 οἶδε
798 1201 850 1230 -.
871 1167 940 1230 Iam
961 1169 1067 1256 scissos
1079 1173 1198 1262 ἄρουρα
1213 1177 1336 1247 dietum

343 1271 392 1318 est
406 1269 442 1316 vt
458 1254 544 1337 apud
555 1256 731 1316 Homerum
745 1253 892 1338 aliosque
905 1259 996 1322 πδονα
1008 1255 1099 1342 ἔργα,
1128 1277 1160 1322 et
1174 1264 1261 1346 apud
1279 1269 1336 1329 La·

344 1341 431 1402 tinos
451 1344 593 1422 pinguia
617 1360 717 1411 arvo,
746 1337 892 1420 epitheto
917 1343 1046 1402 ornanti
1069 1357 1101 1404 et
1119 1351 1211 1409 nullo
1240 1351 1334 1415 modo

342 1424 521 1513 languenti.
565 1423 705 1484 Verbum
725 1420 907 1508 οῐνατρεζῖειν
930 1427 1099 1509 proprium
1119 1444 1166 1491 est
1188 1431 1228 1495 de
1250 1435 1337 1498 arbo·

342 1507 443 1572 ribus.
487 1506 578 1570 Iliad.
592 1507 715 1570 XVIII.
727 1505 778 1572 56.
791 1508 810 1574 o‘
820 1509 847 1572 δ’
860 1506 1031 1593 ἀνέδραμεν
1043 1515 1130 1594 ἔρνεϊ
1137 1517 1215 1593 ἶσος.
1231 1543 1262 1578 v.
1268 1524 1337 1580 Κοῖ-
1400 1525 1403 1534 “

342 1607 406 1654 ster
425 1593 464 1654 ad
487 1592 577 1654 Suid.
603 1614 627 1653 s.
651 1613 680 1654 v.
702 1589 900 1677 ἀναδραμεῖν.
942 1596 996 1655 Sic
1018 1597 1114 1660 etiam
1137 1599 1333 1688 ἀνέρχεσθαι,

343 1678 460 1760 Odyss.
474 1678 531 1739 VI.
551 1675 621 1742 165.
640 1677 776 1761 φοίνικος
797 1682 865 1744 νέον
889 1679 977 1760 ἔρνος
999 1674 1201 1767 α’νορχόμενον
1219 1687 1334 1767 ἐνόησα.

340 1761 504 1824 Addemus
517 1761 646 1824 Pindar.
663 1762 757 1824 Nem.
771 1763 862 1826 VIII.
876 1762 927 1828 68.
947 1767 1079 1852 χλωραῖς
1093 1773 1216 1852 ἐέρσαις
1235 1774 1278 1850 οἷς
1289 1775 1337 1842 διε

341 1850 467 1930 δένδρον
479 1846 629 1916 οἱναΐοαει.
674 1846 972 1909 Commemorantur
989 1866 1095 1912 autem
1113 1853 1197 1931 duo,
1221 1851 1338 1944 ἄρουρα

341 1947 374 1994 et
396 1936 510 2009 κᾶπος,
538 1937 685 2015 exemplo
708 1932 976 2016 politissimorum
999 1951 1178 2018 poetarum.
1221 1943 1336 2034 virgil.

339 2017 420 2080 Aen.
434 2017 477 2086 X.
496 2015 564 2082 134.
582 2014 621 2078 de
635 2020 726 2080 Iulo:

440 2115 532 2192 qualis
567 2135 655 2170 emmo
668 2118 766 2182 micat,
779 2113 894 2187 fulvum
907 2136 979 2191 quse
992 2117 1097 2174 dividit
1108 2143 1218 2194 aurant,

438 2201 489 2241 aut
505 2205 536 2241 co
562 2185 689 2250 odocar,
703 2199 753 2239 ont
766 2187 861 2258 capiti.

337 2275 517 2342 Thessalici
532 2275 607 2361 equi
622 2297 638 2335 a
653 2274 818 2337 veteribus
833 2273 940 2358 magni
960 2275 1229 2359 aestimabantur,
1254 2306 1332 2369 que·

335 2362 515 2425 rumesiam
531 2361 566 2421 in
583 2358 810 2422 certaminibus
820 2358 1020 2442 equestribus
1035 2376 1067 2424 et
1077 2366 1331 2436 curulibusvm

333 2447 418 2524 fuit,
440 2462 477 2510 vt
487 2461 577 2530 patet
591 2447 643 2507 vel
659 2445 833 2508 exEleetra
849 2441 1002 2525 Sophocl.
1018 2445 1091 2529 705,
1114 2449 1237 2513 ναίω,
1255 2453 1329 2516 item

334 2548 384 2595 est
397 2531 534 2618 virginis
549 2530 744 2612 comparatio
761 2549 833 2590 cum
849 2527 960 2590 arbore
975 2549 1219 2614 succrescente;
1243 2539 1328 2602 conf.

332 2621 440 2679 locum
459 2615 625 2681 Homeris.
645 2615 735 2676 citat.
755 2628 788 2674 et
802 2611 922 2674 Catuli.
943 2613 1088 2698 Epithal.
1109 2620 1177 2683 Pel.
1204 2619 1257 2710 89.
1279 2641 1328 2710 ρο.

333 2700 373 2764 de
385 2699 541 2763 Ariadna:

432 2801 525 2876 qualis
540 2797 668 2855 Eurotae
681 2818 734 2872 pro
740 2800 858 2869 signant
862 2797 986 2868 flumina
997 2813 1105 2872 myrtos

431 2890 536 2925 aureos
549 2871 695 2924 distinctos
709 2841 800 2922 sliam
813 2885 899 2921 verna
914 2869 1030 2924 colores.

330 2959 421 3022 Haeo
447 2959 558 3022 attulit
580 2955 792 3020 Heinriebius
822 2956 862 3017 ad
887 2963 1050 3042 vulgatam
1071 2959 1246 3022 lectionem
1275 2961 1327 3027 ‹le-

327 3043 530 3108 tendendam.
575 3047 640 3104 lam
656 3041 683 3102 si
697 3041 823 3126 singula
837 3041 1036 3126 colligimus,
1061 3045 1185 3105 Helena
1205 3069 1330 3132 compa.

328 3145 512 3191 satureum
538 3129 658 3190 Aurora
684 3124 724 3186 ob
748 3126 812 3186 oris
834 3141 1055 3201 venustatem,
1094 3149 1164 3188 oum
1190 3151 1264 3194 vere
1285 3131 1328 3194 ob

329 3236 455 3278 omnem
469 3235 594 3276 morum
609 3213 759 3297 gratiam,
785 3233 855 3271 cum
872 3231 1022 3354 engrano
1037 3212 1077 3273 ob
1095 3215 1240 3294 corporis
1258 3239 1326 3301 gra·

327 3300 500 3375 oilitatem,
530 3320 602 3359 eum
619 3317 704 3380 equo
718 3294 872 3356 Thessalo
895 3317 914 3356 ο
951 3295 1101 3356 currendi
1116 3299 1323 3376 celeritatem,

326 3405 389 3468 qua
419 3387 566 3484 aequales
595 3380 765 3464 superabat
795 3377 834 3440 ad
861 3381 1004 3442 Eurotae
1026 3382 1112 3464 ripas
1141 3379 1323 3448 decurrens.

323 3471 374 3532 Ita
390 3491 498 3544 omnia
520 3467 583 3528 sibi
600 3465 726 3552 egregie
740 3463 952 3547 respondent;
981 3469 1066 3530 laios
1085 3480 1212 3543 autem,
1237 3467 1325 3554 quod

323 3553 523 3615 Eicbstadtii
540 3557 668 3636 elegans
690 3570 765 3611 sane
782 3548 966 3610 coniectura
988 3549 1099 3625 infert,
1125 3571 1191 3631 quo
1209 3553 1322 3614 referri

319 3639 433 3722 possit,
457 3644 632 3722 planenon
645 3633 817 3718 perspicio.
848 3633 1195 3718 Quaequumitasint‚
1244 3657 1324 3698 sene

321 3723 478 3798 adducor,
502 3738 538 3783 vt
554 3720 695 3796 credam,
720 3717 948 3779 Heinricbiurn
966 3719 1027 3777 iam
1043 3716 1177 3779 rediisse
1199 3658 1243 3780 ab
1279 3719 1322 3780 ri·

319 3809 435 3871 stiuam
457 3830 546 3869 susm
565 3805 774 3878 sententiam,
805 3823 898 3886 quam
919 3803 991 3887 pari
1007 3801 1156 3864 doctrina
1173 3819 1235 3866 ets
1282 3804 1322 3864 ti·
1395 3833 1398 3836 ·

233 3889 235 3894 ¹
317 3894 412 3955 litate
426 3893 594 3955 stabilivit.
637 3889 752 3948 Kieasl.

276 4009 327 4080 32·
348 4017 466 4089 Πηνδον
479 4010 573 4074 Iliad.
585 4005 710 4072 XXIII.
726 4001 796 4074 762.
811 4005 917 4069 Sobol.
936 4007 1195 4089 interpretantur
1208 4012 1320 4088 εἵλημα

314 4097 423 4178 κρόκης
437 4099 458 4160 i.
479 4119 506 4158 e.
524 4095 691 4157 subtemen
715 4089 806 4151 radio
824 4091 1106 4152 circumvolutum.
1152 4089 1242 4151 Hisne
1257 4117 1321 4168 πη-

311 4189 470 4262 νδζεσθαι,
495 4183 566 4257 filo
585 4201 602 4240 s
624 4177 692 4240 colo
713 4176 873 4244 deducere.
927 4173 1026 4262 Quod
1048 4176 1077 4238 si
1102 4172 1236 4262 τάλαρος
1255 4173 1322 4238 hoe
