2950 5024
246 438 311 530 598
396 433 714 506 'ororrrror
740 435 1060 504 οειεωιιιιοει
1090 426 1151 520 ιβ.

251 614 448 710 Δεξιτερῆς
462 614 606 710 ἤνεγκεν
623 607 698 688 αέεό
715 607 866 708 λαγόνος
881 606 1002 687 uincti
1016 617 1131 706 ναῖον·

252 721 334 798 Καί
346 747 382 790 νε
400 714 518 808 ταχοίν
534 722 693 812 ἔβλαψεν
707 715 941 810 Ἀμυκλαίων
957 717 1127 812 βασιλῆα·

251 820 352 901 Ἀλλ’
371 818 421 914 ὅγ’
438 821 633 906 ὑπεξανέδο
649 823 796 918 κεφαλῇ’
813 821 975 916 στιβαρᾷ
990 816 1019 894 d'
1036 819 1112 915 ἄρα
1127 817 1222 913 χειρί

256 927 401 1008 Πλιῖξεν
413 921 485 999 draci
502 920 628 998 σκαιόν
643 921 832 1022 κρόταφον
838 981 853 1015 ,
879 926 938 997 sai
959 927 1158 1015 ἔπε’μιεεοεν
1175 923 1276 1020 α’ίμεγ

253 1021 1222 1126 Ἕκιίέχύθημέλαναἷμαθοῶςιιροτιίιροιοχανόντος·
1253 1021 1328 1108 125

256 1135 361 1228 Λαιῇ
377 1135 414 1205 dd
436 1127 557 1224 στόμα
574 1127 690 1225 τύψε,
717 1133 843 1206 πυκνοὶ
861 1130 890 1205 δ’
907 1124 1098 1230 ἀράβησαν
1115 1125 1273 1213 ὀδόντες·

256 1235 345 1312 Αιέί
359 1231 388 1308 δ’
404 1233 559 1330 ὀξυτέρῳ
575 1231 711 1330 πιτύλῳ
725 1241 871 1310 aarum
888 1229 1099 1330 πρόσωπον,

257 1342 384 1432 Μέχρι
399 1340 605 1436 συνηλοίησε
622 1334 772 1434 παρήϊα·
787 1341 856 1421 πᾶς
871 1336 901 1411 d'
916 1339 973 1411 s’rti
986 1344 1096 1431 ναίον

258 1438 363 1516 Κεῑτ’
379 1439 653 1536 ἀλλοφρονέων,
679 1443 740 1516 ναί
757 1440 957 1534 ἀνέσχεθε,
985 1447 1080 1522 νῖκος
1094 1436 1280 1531 deantes,

257 1539 582 1642 Ἀμφοεέραςᾶμα
602 1553 733 1642 χεῖρας,
745 1545 822 1619 ἐπεὶ
832 1539 1000 1619 θανάτου
1009 1537 1138 1634 σχεδόν
1155 1541 1225 1640 ἦεν.
1257 1547 1332 1616 150'

263 1641 340 1722 Τόν
354 1649 423 1740 μὲν
437 1649 524 1747 ἄρα,
550 1652 712 1748 κρατέων
729 1677 813 1748 περ,
839 1643 1056 1724 α’τοίοθαλον
1074 1643 1179 1722 οὐδέν
1194 1651 1332 1748 ἔρεξας,

326 1894 456 1970 supplet
473 1895 562 1962 ποδί,
585 1909 617 1956 et
632 1891 745 1968 docet,
770 1891 862 1974 ἔτέρῳ
885 1895 957 1958 ποδί
975 1893 1148 1974 ἔπιβαίνειν
1163 1913 1230 1954 esse
1248 1895 1336 1952 sini-1

325 1987 393 2032 stru
404 1977 482 2052 pede
496 1983 606 2052 inniti,
628 1977 730 2061 idque
745 1977 887 2038 hominis
902 1978 1024 2061 pugilis
1039 1992 1072 2036 et
1086 1978 1187 2038 ictum
1204 1977 1265 2035 ism
1282 1978 1332 2037 in·

325 2061 484 2121 tentantis
507 2065 614 2148 (Virg.
629 2068 708 2126 Aen.
725 2064 766 2124 X.
789 2061 862 2139 587.
881 2069 1023 2142 proiecto
1041 2064 1120 2142 pede
1143 2066 1275 2138 laevo.);
1300 2077 1337 2124 et

328 2140 518 2210 Valckenar.
542 2149 672 2212 videtur
688 2149 833 2232 probare.
860 2151 956 2209 Harl.
1002 2146 1214 2208 Heinrichius
1228 2146 1334 2208 conii·

327 2227 374 2288 cit
387 2235 493 2310 ἔιέραν
506 2232 532 2298 d'
543 2239 711 2300 ἐπιτείνων.
742 2233 914 2320 Equidem,
939 2234 968 2294 si
981 2233 1161 2293 mutatione
1177 2232 1218 2291 sit
1236 2253 1333 2315 opus,

325 2313 373 2373 sic
389 2317 527 2380 scribere
543 2334 575 2380 et
588 2322 818 2404 interpungere
832 2319 947 2381 velim:
970 2323 1074 2402 ἔιέραν
1089 2320 1260 2396 ἐπιβαίνων
1270 2333 1336 2383 Δε-

326 2401 445 2482 §tramit
464 2403 589 2488 ἤνεγκεν
609 2403 670 2470 sind
693 2413 835 2491 λαγονος.
858 2397 961 2470 πλατιί
982 2408 1079 2488 ναῖον·
1114 2407 1250 2463 alteram
1264 2425 1337 2463 ma-

326 2507 422 2558 num,
446 2490 549 2549 latum
569 2493 754 2565 membrum,
778 2513 860 2571 qtsae
880 2491 988 2551 dextro
1012 2492 1109 2550 lateri
1123 2491 1238 2548 innixo
1254 2501 1335 2561 erat,

326 2569 450 2631 hostem
480 2579 689 2658 aggrediens,
725 2599 746 2636 a
778 2577 889 2636 dextro
912 2577 1011 2636 latere
1033 2577 1158 2637 essedis.
1210 2575 1337 2635 Partem

329 2651 428 2717 huius
445 2679 474 2720 v.
494 2661 591 2724 habet
607 2665 753 2743 Etymol.
769 2663 818 2720 M.
832 2683 864 2743 p.
879 2661 952 2736 285,
983 2661 1026 2724 ε4.
1071 2662 1192 2720 Kissel.

283 2757 360 2814 22¹·
380 2735 443 2807 ιίειό
468 2745 539 2807 edd.
561 2747 635 2810 Ald.
657 2761 688 2808 et
709 2745 889 2821 Brunckii,
914 2745 1073 2830 probante
1095 2745 1248 2827 Toupi03
1271 2744 1338 2808 hoo

328 2821 408 2897 sind.
434 2831 520 2912 quod
547 2833 643 2896 etiem
661 2831 720 2893 Cd.
737 2833 809 2892 Vet.
824 2831 936 2909 habet,
958 2832 1156 2913 posteriores
1170 2845 1340 2892 mutarunt
1365 2843 1370 2852 “

330 2907 366 2968 in
380 2909 465 2979 α’παί
479 2919 581 3001 (quod
596 2917 629 2978 in
651 2922 753 2977 altero
769 2915 892 2977 Aldine
913 2921 1064 2998 exemplo
1077 2929 1201 2999 prostat
1224 2961 1234 2988 ‚
1259 2915 1339 2998 quia

331 2997 399 3056 vim
425 3021 575 3063 caesurae
597 3003 707 3062 minus
727 3014 926 3084 perspectam
952 2999 1147 3062 habuerunt.
1178 3002 1340 3075 [Maxime

331 3077 387 3141 hic
406 3085 606 3167 respicienda
630 3101 678 3148 est
699 3086 750 3149 vis
769 3088 885 3146 literae
908 3085 1052 3170 liquidae
1068 3097 1096 3152 λ.
1141 3086 1230 3146 Hinc
1245 3085 1340 3146 resti·

331 3167 454 3228 tuimur
475 3169 544 3236 sind.
568 3172 700 3255 Kiessl.]
728 3207 760 3220 -
807 3175 886 3246 οἷον,
908 3193 1055 3244 marsum
1077 3169 1206 3232 vidend
1223 3192 1270 3232 vs.
1284 3177 1338 3241 8¹·

330 3254 430 3315 Harl.
473 3259 692 3341 „Plerumque
713 3265 842 3342 λαγοοες
863 3256 983 3339 plurali
1006 3277 1141 3316 numero
1165 3255 1338 3330 dicuntum

330 3339 429 3421 longe
448 3342 550 3406 rarius
572 3343 748 3426 singularis
770 3342 946 3405 occurrit.“
990 3343 1168 3404 Hermann.
1188 3339 1229 3400 ad
1242 3339 1340 3400 Euri·

330 3420 400 3506 pid.
416 3425 543 3492 Hecub.
562 3427 634 3492 555.
648 3450 679 3509 p.
699 3427 768 3492 128.

286 3519 361 3576 ¹122.
386 3509 452 3570 Hic
474 3531 585 3574 versus
607 3533 647 3572 ex
665 3512 844 3583 edinFtor.
857 3512 951 3574 venit
967 3511 1001 3571 in
1024 3510 1119 3573 editt.
1137 3510 1293 3595 Stephon.
1307 3525 1342 3572 et

331 3594 472 3678 reliquas
488 3597 703 3672 recentiorem
729 3621 826 3684 quare
842 3598 1003 3659 immerito
1013 3595 1153 3658 Reisltio
1168 3611 1342 3678 suspectus

333 3679 413 3756 suit,
436 3703 542 3766 neque
564 3704 582 3744 a
602 3683 783 3758 Brunckio‚
808 3681 920 3746 iudice
934 3681 1162 3758 Valckenario,
1187 3679 1344 3742 debuerat

333 3765 453 3828 omitti.
475 3773 574 3830 Harl.
616 3771 722 3832 Deest
745 3768 841 3832 etiam
863 3766 974 3828 in-cd.
992 3767 1065 3827 Vat.
1091 3781 1124 3827 et
1142 3767 1191 3828 cd.
1212 3767 1343 3848 optimo

331 3852 424 3933 regio
448 3854 716 3918 eSanctamando
735 3860 866 3916 collato.
910 3855 1085 3936 Suspectus
1106 3867 1155 3912 est
1177 3853 1277 3912 etiam
1292 3853 1342 3911 la·

334 3937 459 4014 cobsio,
480 3941 536 4024 qui
551 3957 691 4004 ceterum
707 3945 816 4003 maliet
830 3935 896 4021 μέγ’
913 3939 1057 4021 ἔβλαψεν.
1102 3939 1220 3998 Κὲιιεί.

292 4023 354 4090 125
368 4057 410 4070 -
430 4025 496 4088 125.
520 4027 636 4089 Sensus
651 4044 716 4090 est:
739 4026 845 4087 subter
858 4029 960 4086 ictum
972 4027 1079 4103 eapite
1094 4024 1225 4103 elapsus
1242 4043 1345 4082 emer-

333 4113 402 4182 sit„
431 4111 618 4177 Sententiae
631 4129 754 4198 partem
777 4109 932 4193 exprimit
948 4107 1167 4192 virgilianum
1185 4110 1285 4187 (Aen.
1301 4105 1345 4168 X.

334 4192 422 4280 522.)
440 4199 494 4261 rua
514 4211 593 4262 astu
616 4200 713 4262 subit.
744 4189 881 4282 αεφαλνίν
895 4210 946 4260 est
959 4194 997 4256 in
1016 4191 1091 4257 edd.
1106 4209 1188 4258 vett.
1203 4207 1239 4255 et
1253 4189 1344 4272 eddt,
