2916 5020
537 1361 1049 1432 ARGUMENTUM

604 1507 858 1610 susensi
891 1551 992 1614 vus

352 1830 553 1914 Disceptant
568 1827 603 1889 in
617 1826 682 1918 hoc
696 1825 818 1910 Idyllio
839 1826 906 1890 duo
919 1841 1082 1914 pastores,
1105 1825 1163 1912 qui
1177 1849 1249 1890 cum
1263 1851 1337 1892 cer·

267 1951 396 2016 taminis
420 1969 514 2010 scena
536 1945 746 2034 designantur
772 1968 834 2010 vas.
859 1927 997 2024 s-h.,
1036 1945 1207 2032 Daphnis,
1246 1952 1336 2011 cele·

265 2071 436 2134 herrimum
453 2066 540 2152 apud
555 2067 682 2128 Siculos
702 2087 820 2130 nomen
841 2069 897 2149 (cf.
913 2089 943 2133 v.
956 2063 1008 2154 95.
1025 2065 1140 2150 ibique
1151 2065 1271 2143 Schol.)
1295 2084 1337 2131 et

205 2268 210 2286 Ι
265 2193 452 2265 Menalcas,
477 2185 568 2248 amho
589 2201 701 2268 cantus
723 2203 755 2250 et
767 2187 903 2250 musices
923 2185 1129 2271 peritissimi,
1154 2185 1334 2251 smoehaeo

265 2283 423 2384 carmine,
449 2305 541 2369 cuius
565 2307 731 2390 occasioa
751 2321 864 2368 mutua
881 2304 1116 2390 provocatione
1129 2305 1263 2389 petitur.
1282 2339 1336 2360 -

265 2427 408 2492 6-12.
431 2425 596 2501 Praemi0‚
621 2445 686 2510 quo
711 2425 902 2502 decernant,
935 2423 1116 2488 constituto
1138 2459 1179 2474 -
1204 2421 1261 2488 24.¹
1275 2426 1331 2486 vi·

266 2545 407 2630 cinoque
422 2543 578 2629 caprario,
601 2558 639 2620 st
654 2543 766 2608 arbitri
782 2560 887 2630 partes
904 2544 1077 2629 suscipiat,
1102 2541 1259 2608 advocato
1282 2577 1332 2596 -

265 2683 316 2752 29.
332 2666 438 2748 ipsum
465 2687 592 2731 carmen
615 2665 847 2742 exordiuntur,
880 2665 926 2728 ita
948 2663 1097 2748 quidem,
1129 2678 1165 2726 vt
1185 2664 1329 2748 primum

265 2783 430 2869 quaternis
452 2784 613 2862 versibus,
637 2821 678 2836 -
701 2785 769 2862 60„
793 2800 861 2846 tum
884 2783 1014 2850 octonis
1032 2781 1258 2866 respondeant.
1282 2818 1326 2833 -

264 2887 315 2988 p9.
339 2902 523 2966 Certamine
549 2901 641 2966 finito
666 2903 829 2988 caprarius
849 2900 1022 2988 Daphnidi
1043 2903 1247 2986 propositum
1270 2902 1327 2964 ad·

263 3017 398 3082 iudicat.
442 3022 537 3082 Hanc
556 3042 634 3082 vero
656 3021 825 3084 victoriam
846 3023 892 3084 ita
908 3035 1126 3107 repraesentat
1140 3035 1254 3105 poeta,
1285 3043 1326 3084 ea

263 3141 300 3201 tt
320 3137 475 3222 Daphnis
497 3141 626 3200 futurae
655 3139 741 3224 apud
760 3157 908 3224 posteros
938 3141 1061 3228 gloriae
1083 3140 1186 3225 prima
1206 3139 1325 3202 funda·

261 3273 369 3319 menta
388 3257 502 3320 iecisse
525 3274 700 3322 censeatur.
729 3293 770 3312 -
804 3261 912 3323 Etiam
936 3275 1050 3324 auctor
1070 3259 1249 3322 Arethusae
1270 3259 1324 3344 (p.

262 3391 313 3460 72.
330 3395 376 3458 sq.
396 3395 458 3438 sec.
476 3373 569 3464 edit.)
591 3377 801 3464 Daphnidem
822 3379 980 3467 intelligit
1005 3370 1260 3442 &iuratissimum
1283 3378 1325 3437 il·

260 3499 327 3568 lum
340 3508 503 3577 pastorum
517 3495 698 3559 Siculorum
714 3498 829 3577 heroa,
853 3499 973 3562 Veneri
988 3497 1147 3572 invisum,
1172 3496 1207 3556 iu
1227 3496 1321 3558 cuius

135 3679 138 3684 ,
260 3611 357 3675 obitu
377 3611 584 3677 describendo
605 3615 759 3699 Idyllium
779 3619 808 3683 Ι.
827 3631 982 3680 versatur.
1028 3612 1255 3678 Conferendus
1273 3631 1325 3676 est

263 3731 301 3828 de
324 3731 387 3793 hoc
411 3733 549 3795 carmine
568 3713 697 3796 libellus
716 3737 750 3803 0.
774 3739 813 3799 G.
833 3737 1043 3812 Wrnsdosfii
1060 3735 1107 3795 sic
1127 3732 1324 3818 inscriptus:

161 3849 165 3858 '
262 3847 436 3922 Centoras,
469 3852 638 3914 Theocriti
659 3854 815 3939 Idymum
835 3858 925 3922 VIII.
951 3853 1054 3917 latino
1078 3873 1171 3914 versu
1193 3873 1328 3936 expres*

261 3991 340 4038 sum.
397 3969 534 4032 Accedit
572 3973 775 4061 spicilegium
804 3973 1065 4047 observationum
1097 3969 1246 4056 inprimis
1282 3970 1323 4034 de

261 4087 403 4151 carmine
427 4089 609 4156 amoebaeo.
645 4095 859 4171 Hemstadii,
885 4093 1115 4164 CIoIoCCCII.
1138 4088 1169 4155 8.
1191 4125 1235 4138 -
1258 4089 1322 4152 Ch.

260 4207 517 4288 numenius,
542 4211 600 4297 qui
621 4211 660 4276 de
681 4229 826 4279 veterum
846 4227 1013 4280 auctorum
1035 4209 1165 4296 scriptis
1189 4231 1257 4274 non
1278 4213 1324 4272 Ic·
