2916 5020
301 463 610 532 eunocum
637 467 906 536 rnrnnrou
934 471 976 534 x.
1109 475 1170 562 295

108 633 218 704 Aurei
230 633 332 702 ambo
345 643 511 700 staremus
526 635 650 702 Veneri
663 637 863 703 oonseoroti:

111 734 229 804 Tibias
244 746 364 802 terrem
379 748 417 802 tu
432 747 466 802 et
478 737 530 803 vol
543 761 655 804 rosam
670 741 723 806 vel
736 740 876 822 malurn,

110 841 185 925 Ego
208 861 287 904 cum
308 848 401 902 veste
431 861 521 904 nova
544 851 579 906 et
598 839 697 906 novis
719 842 834 908 ealeeis
856 843 892 908 in
910 843 998 930 pede
1014 854 1165 932 viroque.

108 939 283 1028 Bombyoe
296 952 457 1020 venusta,
479 939 578 1028 pedes
592 941 643 1006 tui
657 953 735 1008 sunt
747 944 818 1022 tali,

107 1047 184 1110 Vox
198 1039 322 1108 dulcis:
344 1041 492 1108 indolem
508 1064 587 1108 vero
602 1063 675 1146 non
686 1049 823 1129 possum
837 1045 1040 1134 exprimere.

173 1332 217 1372 no
235 1309 369 1372 ditiores
391 1304 520 1396 quidem
541 1309 627 1372 intra
650 1309 758 1387 aedes,
781 1327 838 1376 sut
861 1312 896 1374 in
911 1313 1106 1376 remissione.
1128 1335 1160 1375 v.

172 1393 365 1478 Aloiplrron.
382 1395 467 1459 1.54.
481 1427 525 1444 --
540 1395 700 1470 Ceterum,
724 1411 760 1456 vt
773 1411 858 1458 recte
872 1397 1055 1460 observavit
1065 1399 1162 1459 Grae·

175 1480 254 1556 lius,
277 1477 383 1556 uusado
397 1477 571 1560 dupliciter
584 1479 689 1541 intelli
714 1478 850 1543 'debets
874 1482 952 1566 ἔχων
974 1483 1077 1567 σχῆμα
1089 1509 1162 1548 και-

175 1557 250 1641 adr,
278 1567 332 1630 sat
343 1559 454 1637 καινοῖς
470 1560 615 1646 sindaldo.
646 1501 762 1626 Eillm
775 1565 846 1627 viro
862 1565 959 1628 docto
972 1567 1100 1628 videtur
1114 1571 1158 1628 le·

175 1647 316 1734 gendum
333 1669 398 1709 esse
418 1650 488 1728 εἷμα
524 1669 560 1709 ro
574 1648 681 1733 σχῆμα.
710 1652 748 1710 In
762 1648 885 1712 duobus
902 1649 972 1712 cdd.
987 1666 1033 1712 est
1046 1656 1159 1736 σχοῐμι.
1268 1649 1274 1661 '

174 1749 212 1793 vt
223 1735 342 1794 lentum
350 1733 417 1792 fuit
430 1753 447 1792 a
463 1670 569 1794 Sciol.
580 1733 747 1797 etVrsino.
770 1735 916 1817 Toupius
929 1735 1034 1818 primo
1048 1737 1156 1796 conie-

173 1831 261 1878 oerat
276 1819 403 1900 στέμμα.
432 1818 545 1880 Κίιεσὶ.
566 1850 610 1868 ·-
630 1813 741 1900 ἆμύκλ.
766 1835 984 1880 ornamentum
1001 1819 1161 1903 quoddam

172 1900 311 1989 padum,
342 1899 440 1962 calcei
459 1901 620 1963 Laconici
640 1902 791 1985 pretiosi,
824 1901 862 1962 ab
878 1904 1047 1966 inventore
1063 1907 1159 1984 Amy-

173 1991 263 2048 elseo
278 2007 396 2047 nomen
416 1985 534 2046 sortiti.
548 2007 579 2048 v.
593 1987 700 2048 Schol.
715 1986 828 2048 Suidas
844 1987 903 2049 sub
917 1987 948 2048 h.
963 2011 995 2053 v.
1010 1991 1160 2050 etMeur·

174 2072 242 2133 sius
255 2071 291 2130 in
304 2070 445 2132 Miscell.
466 2071 589 2134 Lacon·
611 2073 638 2134 I.
654 2092 724 2154 cap.
740 2071 787 2136 18.
831 2075 928 2134 Harl.

129 2157 183 2224 56.
203 2157 255 2239 57·
276 2155 348 2228 τεῦς
367 2173 427 2236 pro
442 2159 573 2238 vulgato
592 2156 643 2222 arii
660 2154 794 2218 exedit.
813 2159 898 2218 Flor.
921 2179 991 2218 cum
1006 2156 1159 2218 Valcken.

175 2239 364 2324 recepimus·
393 2240 506 2300 Kiewl·
527 2275 571 2289 —
591 2238 790 2328 ἀστράγαλοι,
818 2243 969 2328 sinadam
987 2246 1040 2307 stol
1057 2235 1160 2320 ὀρθοί·

174 2326 327 2405 ἢλευκοὶ,
350 2321 392 2397 a‘c
405 2328 458 2388 sal
473 2321 665 2410 ἀστράγαλοι.
692 2325 800 2388 Sohol.
816 2325 908 2387 bene.
937 2327 1079 2386 Laos'dos
1094 2347 1162 2386 ver-

176 2411 221 2473 tit
234 2412 351 2472 Portus
373 2409 408 2467 in
422 2408 572 2472 Diotion.
587 2410 654 2472 dor.
667 2409 699 2470 h.
714 2431 746 2472 v.
759 2424 792 2472 et
805 2409 890 2472 idem
911 2431 977 2472 osae
1011 2408 1075 2471 uod
1091 2418 1164 2474 λευ-

150 2509 153 2514 “
175 2493 338 2579 κόσᾳωρος,
359 2489 453 2573 IdylL
470 2513 520 2568 17,
536 2493 586 2558 52.
603 2508 660 2554 ant
671 2495 833 2592 εὔσφυρος,
854 2493 951 2575 Idyll.
966 2433 1016 2569 od,
1043 2493 1090 2558 15.
1103 2515 1163 2575 pu·

177 2595 224 2642 tat
235 2582 386 2641 Warton.
409 2578 438 2636 E
457 2578 617 2639 contrario
626 2577 775 2654 Reiskro,
799 2580 834 2640 in
848 2579 910 2638 alia
927 2579 1033 2639 omnia
1046 2577 1164 2636 abeun-

176 2667 223 2739 ti,
246 2657 339 2738 πόδες
357 2657 541 2742 ἆστρᾶγαλοι
560 2661 714 2723 videntur
730 2682 797 2723 esse
817 2663 946 2735 nodosi,
968 2665 1077 2734 curvi,
1099 2674 1165 2718 tor-

180 2753 267 2811 tuosi
278 2761 313 2809 et
324 2751 489 2806 eminentes
495 2791 508 2818 ,
529 2745 646 2808 attali.
689 2743 804 2807 Eidem
823 2744 935 2832 τρύχνα
956 2761 1004 2807 est
1020 2767 1122 2806 ronan
1133 2757 1166 2804 et

179 2841 293 2917 nigra5
314 2830 512 2893 scholiastae
527 2851 604 2892 vero
620 2831 737 2902 mollia,
760 2842 874 2891 tenera.
905 2828 1037 2917 [Τρὺχνη
1052 2852 1078 2893 s.
1093 2824 1169 2912 τρὺ·

178 2945 267 3006 χνος,
289 2910 534 3001 adommim
550 2937 574 2978 s.
595 2912 749 3002 ωρὺχνος,
773 2929 819 2976 est
838 2917 984 2976 salanam
1000 2918 1127 2994 nigrum
1141 2935 1166 2974 s.

180 3007 323 3068 aarum
347 2997 506 3085 (πρόμος
531 3004 678 3080 ananiae,
718 3000 858 3083 ofsbarar
884 2999 1165 3074 Noolstsolrotten).

183 3091 266 3152 Cum
280 3085 379 3146 huius
394 3085 497 3148 solani
513 3084 608 3148 bacca
621 3085 720 3160 dulci,
734 3105 815 3170 quae
827 3085 883 3146 illa
898 3098 1002 3146 aetate
1017 3103 1079 3166 pro
1090 3081 1167 3142 ima·

182 3175 259 3260 gine
273 3169 378 3232 omnis
398 3167 579 3230 dulcedinis
594 3185 745 3254 vaurpata
767 3169 869 3231 fuisse
888 3168 1033 3243 videtur,
1056 3187 1168 3228 vocem

182 3259 310 3342 puellae
333 3253 375 3322 ob
401 3254 589 3316 suavitatem
611 3269 786 3337 comparat,
831 3254 914 3315 sicut
932 3269 1006 3314 ante
1028 3249 1168 3314 eiusdem

183 3343 311 3426 puellae
324 3335 423 3420 pedes
436 3358 508 3399 cum
526 3341 743 3421 astragalus.
758 3341 848 3411 talis,
870 3337 1048 3420 exprimens
1061 3355 1170 3396 aarum
1260 3400 1263 3412 ,

183 3425 349 3488 levitatem
363 3437 397 3484 et
412 3419 634 3499 mobilitatem,
659 3443 757 3506 quum
772 3427 908 3484 talorum
917 3422 1033 3498 instar,
1053 3419 1170 3504 quibus

181 3509 327 3583 luditur,
354 3507 441 3568 inter
454 3506 633 3570 saltandum
646 3528 770 3570 sursum
785 3521 818 3570 et
833 3505 978 3568 deorsum
990 3518 1170 3568 moventur.

184 3595 238 3658 Sia
256 3605 369 3654 auctor
389 3589 569 3652 Arethusae
590 3613 623 3674 p.
638 3591 710 3660 250.
731 3591 819 3652 hunc
838 3596 944 3654 locum
967 3589 1095 3674 egregie
1117 3609 1170 3648 ex·

184 3679 296 3765 plicat·
320 3673 407 3738 Idem
420 3671 532 3760 auduus
548 3675 704 3760 intelligit
715 3677 776 3736 dae
789 3675 1072 3760 Er'gsntln'imliolts,
1086 3672 1171 3736 cta-

184 3761 421 3824 raoterirtisolw
439 3760 492 3820 dar
512 3763 648 3834 Person,
672 3762 798 3825 woladeo
817 3760 940 3821 ribei-all
957 3763 992 3818 in
1013 3759 1097 3824 ihrer·
1111 3755 1172 3817 Go-

187 3850 267 3908 atalt
288 3846 357 3906 mad
374 3849 409 3908 in
420 3843 510 3924 jeder
529 3845 710 3925 Handlang
731 3845 874 3910 oichtdor
891 3843 992 3916 wird5
1013 3843 1081 3902 ihre
1094 3842 1173 3900 Mo-

187 3936 264 4038 nias.
284 3963 330 3982 ·-
348 3926 482 4014 τρύχνος·
501 3925 554 3994 adv
568 3933 601 4030 dd
616 3925 790 4072 andstand—
811 3927 899 4005 sistris
913 3925 1052 4024 Brnnolt:
1085 3921 1175 4066 Πέιὲὶ

189 4013 679 4180 inmutatus.
696 4011 1177 4190 lestsff:¹t¹:²,t·:2a;

189 4187 398 4273 provulgata
419 4180 472 4250 eds
491 4179 516 4251 δ’
530 4179 572 4250 ad
581 4207 627 4280 πρ.
649 4181 761 4250 vast.
776 4203 818 4270 ax
838 4179 888 4248 ed.
900 4181 987 4248 Flos.
1002 4193 1034 4242 et
1052 4181 1181 4261 aliquot
