2942 5014
313 1045 1012 1230 amoene

431 1337 709 1405 IDYLLION
743 1336 886 1404 xx1x,
935 1353 950 1410 ³.

192 1585 436 1650 duumrirorum
460 1585 516 1650 hic
530 1607 590 1656 suo
613 1589 690 1648 loco
704 1587 891 1670 repetimus.
914 1586 1024 1674 Quum
1037 1587 1197 1672 hocidyl·

190 1673 273 1734 lium
289 1696 357 1735 non
379 1673 415 1734 in
432 1673 583 1736 omnibus
605 1669 677 1734 cdd.
700 1693 806 1756 neque
826 1672 863 1732 in
884 1673 1021 1735 'vetustis
1041 1669 1197 1736 editioni-

187 1756 265 1834 bus,
288 1757 408 1822 Aldina
425 1779 453 1820 a.
472 1755 562 1843 1495.
579 1771 612 1818 et
626 1757 818 1842 Lovaniana
835 1778 863 1818 a.
883 1757 973 1823 1520.
995 1780 1076 1842 quae
1092 1780 1109 1820 e
1123 1757 1195 1822 cdd.

190 1863 357 1926 expressae
375 1857 462 1919 sunt,
485 1841 701 1927 perscriptum
716 1843 895 1926 reperiatur
903 1837 926 1916 ,'
938 1841 1105 1905 concludit
1119 1842 1198 1906 inde

193 1929 417 2002 attereretur,
446 1949 511 1990 esse
534 1926 569 1988 id
591 1925 658 1989 illis
685 1925 979 2005 adnumerandum,
1012 1949 1111 2013 quae,
1142 1951 1197 1988 ru·

186 2026 243 2098 pta
264 2013 489 2076 bucolicorum
511 2033 682 2097 compage,
720 2011 896 2075 Theocrito
917 2011 1015 2074 modo
1039 2012 1197 2074 adscribe·

185 2113 316 2173 rentur,
348 2097 463 2174 modo,
488 2111 524 2160 vt
540 2097 579 2158 ab
597 2118 636 2160 eo
659 2096 781 2173 aliena,
812 2098 1042 2182 ereliquorum
1058 2118 1195 2160 numero

186 2195 221 2245 et
235 2196 394 2245 contextu
415 2183 619 2245 eiicerentur.
661 2182 772 2264 Magis
795 2203 861 2242 rem
879 2181 1009 2242 dubiam
1026 2181 1106 2242 facit
1127 2181 1195 2242 dia·

185 2271 309 2344 lectus,
333 2267 566 2366 quascriptum
590 2280 656 2341 est,
688 2267 828 2339 aeolica,
859 2286 940 2348 quae
956 2281 1032 2348 post
1046 2263 1196 2347 Sapphus

187 2367 221 2413 et
240 2353 355 2415 Alcaei
369 2366 523 2428 aetatem,
554 2349 727 2412 deficiente
750 2351 836 2412 iuter
859 2351 1035 2412 Aeolenses
1057 2369 1195 2434 poeseos

186 2435 281 2512 flore,
314 2436 541 2500 ecarminihus
566 2436 629 2496 iam
649 2433 771 2495 dudum
789 2448 974 2497 evanuerat.
1020 2437 1105 2496 Sunt
1122 2432 1195 2516 qui·

185 2519 259 2582 dem
280 2521 402 2582 formae
424 2519 567 2582 aeolicae
582 2540 639 2603 per
654 2519 804 2580 librarios
823 2541 969 2664 magnam
983 2535 1105 2604 partem
1128 2537 1195 2578 car·

183 2604 266 2666 mini
288 2605 444 2666 abstersae
468 2619 501 2666 et
522 2604 652 2666 doricae
669 2603 798 2677 illatae;
833 2623 865 2666 se
911 2626 977 2666 non
1000 2605 1195 2666 minimatu-

184 2711 259 2750 men
287 2711 396 2750 earum
418 2689 512 2772 copia
537 2689 713 2751 etiamnum
736 2689 771 2750 in
798 2689 934 2751 vetustis
956 2687 1192 2773 exemplaribus

185 2775 410 2857 imperitorum
432 2795 545 2836 manus
567 2779 672 2858 elapsa
694 2787 752 2835 eat.
795 2774 856 2835 Est
875 2788 982 2836 autem
1003 2797 1053 2837 res
1067 2773 1192 2834 nullius

186 2861 271 2922 inter
286 2859 426 2920 Graecos
442 2859 601 2943 exempli,
633 2873 670 2920 vt
681 2873 780 2942 poeta
802 2859 920 2942 aliquis
933 2866 1025 2922 nullo
1049 2859 1117 2921 sive
1131 2877 1192 2920 vsu

184 2965 243 3006 seu
271 2943 463 3006 necessitate
485 2959 616 3006 coactus
638 2966 816 3008 sermonem
839 2945 980 3028 patrium
1007 2945 1136 3007 damnet
1158 2955 1192 3006 et

186 3029 358 3091 dialectum
379 3029 581 3115 peregrinam
598 3044 760 3113 sequatur.
789 3029 905 3116 Neque
921 3043 1057 3114 possunt
1074 3025 1190 3089 dereli-

184 3129 255 3177 ctae
276 3113 399 3198 patriae
420 3113 552 3175 dialecti
575 3129 722 3176 auctores
744 3113 852 3176 afferri
872 3135 979 3200 neque
1001 3113 1131 3198 Tragici
1151 3107 1189 3176 in

184 3199 303 3275 choris,
323 3220 427 3284 neque
442 3198 676 3282 Aristophanes
690 3199 726 3260 in
745 3199 928 3282 Lysistrata
949 3216 1108 3272 extrema,
1132 3217 1188 3257 ne·

184 3304 247 3368 que
261 3283 359 3366 Epici
372 3284 548 3369 aequiores.
586 3284 763 3346 Theocrito
779 3285 881 3372 igitur
895 3284 1034 3347 adscribi
1048 3305 1114 3345 non
1128 3303 1188 3365 po-

182 3383 256 3430 test.
286 3403 329 3417 —
356 3369 420 3432 Pro
441 3368 618 3431 Theocrito
641 3368 772 3453 quidem
794 3370 944 3432 carminis
964 3384 1096 3431 auctore
1118 3385 1186 3428 non

182 3467 307 3538 pugnat
334 3455 518 3528 Materiam
557 3451 757 3541 quanquam,
796 3451 883 3540 quod
907 3453 946 3516 de
968 3478 1028 3517 vsu
1054 3449 1187 3514 dialecti

181 3537 371 3621 peregrinae
387 3537 473 3600 dixit
487 3539 658 3615 Thiersch‚
682 3539 722 3601 de
730 3539 968 3626 antiquioribus
982 3539 1087 3623 poetis
1097 3554 1186 3622 grae·
1254 3605 1255 3610 η

183 3621 229 3683 cis
245 3637 321 3682 ante
335 3623 513 3692 Alexandri
529 3639 665 3686 aetatem
680 3647 790 3687 verum
805 3645 872 3685 esse
888 3624 1029 3701 videtur,
1055 3622 1095 3684 de
1110 3623 1186 3682 Ale·

180 3705 349 3767 xandrinis
373 3729 440 3770 non
464 3707 612 3785 videtur,
644 3709 802 3792 siquidem
820 3709 915 3770 etiam
932 3712 1017 3771 inter
1035 3707 1184 3770 Callima·

180 3791 235 3852 chi
250 3791 407 3872 hymnos,
430 3793 544 3855 Ionica
566 3815 624 3855 seu
639 3795 746 3858 verius
761 3794 853 3877 epita
875 3793 1013 3857 dialecto
1033 3793 1183 3874 scriptos,

180 3874 321 3958 hymnus
349 3877 384 3936 in
401 3882 563 3938 lavacrum
578 3879 719 3941 Palladis
733 3879 889 3940 Doricam
905 3879 1012 3942 habet.
1033 3913 1078 3928 -·
1099 3879 1184 3936 Tum
1214 3919 1215 3922 ,

179 3961 266 4023 nihil
289 3961 375 4022 inest
395 3962 430 4022 in
446 3961 510 4024 hoc
525 3964 665 4026 carmine
680 3962 818 4027 dialecto
834 3966 985 4027 Aeolicae
1002 3961 1181 4049 proprium,

180 4046 245 4106 nisi
274 4052 453 4110 nonnullae
473 4047 643 4110 verborum
673 4051 815 4127 formae,
858 4067 935 4133 quas
971 4045 1181 4111 Grammatici

179 4129 335 4202 Aeolibus
351 4133 519 4211 tribuunt,-
544 4149 580 4197 vt
593 4133 721 4223 ὅρπετον
734 4157 794 4220 pro
810 4129 935 4224 ἕρπειόν
950 4159 981 4199 v.
999 4131 1047 4200 13·
1063 4138 1182 4222 (qutu-
