2872 5018
286 427 901 538 rnnoca1r11nrnn1on
928 477 992 542 vi.
1121 501 1179 570 ¹97

114 647 215 728 Eam,
236 645 417 734 ganniehat
430 644 472 710 ad
491 642 623 711 femora
637 655 784 710 rostrum
797 627 993 714 admovens.

120 751 223 839 Quod
236 771 343 836 quum
356 772 411 816 me
424 747 536 812 facere
550 747 697 831 videbit,
719 747 857 816 forsitan
876 771 978 838 saepe
991 749 1105 817 mittet

4 927 5 936 χ
114 853 292 920 Nuntium.
312 864 350 916 at
362 873 425 938 ego
440 848 594 915 claudam
610 849 712 928 soree,
733 851 841 917 donec
855 851 1031 934 iuraverit,

4 953 6 972 '
114 953 1176 1041 lpeamaemiltietratnrameaaepulcrnmleotnminhacinaula.

114 1057 233 1143 Neque
248 1056 433 1124 animaene
447 1054 607 1122 deformia
622 1077 709 1141 anm,
732 1059 866 1144 qualem
882 1081 938 1151 me
953 1057 1079 1126 diemo.

181 1343 215 1390 at
227 1327 262 1388 in
279 1328 386 1411 Epist.
405 1323 445 1386 ad
458 1326 576 1390 Rdver.
591 1349 623 1411 p.
639 1327 763 1408 LXII.)
783 1341 816 1389 et
829 1327 989 1404 Brunca..
1015 1327 1072 1411 qui
1087 1327 1176 1388 inau-

181 1435 238 1496 per
252 1434 342 1475 more
355 1433 414 1472 ⁸110
432 1410 520 1472 dedit
536 1411 610 1496 ἐγών
626 1429 660 1474 et
672 1418 746 1479 ἕστε.
778 1417 859 1488 [ἔστι
874 1413 972 1474 etiam
986 1412 1020 1472 in
1034 1435 1099 1474 vno
1115 1409 1175 1476 Cd.

99 1567 102 1570 ,
180 1497 280 1560 Paria.
297 1512 357 1573 est,
381 1495 459 1556 hinc
485 1517 555 1557 cum
574 1497 750 1575 Gaieford.,
773 1513 810 1560 vt
824 1498 895 1559 aliie
914 1497 1007 1572 locis,
1030 1496 1175 1558 restitui·

182 1603 258 1643 mue.
286 1585 410 1658 16]-
437 1583 541 1646 alconi
562 1583 632 1643 aine
653 1581 718 1643 iota
742 1583 922 1664 subscripto
940 1581 1012 1648 cod.
1032 1581 1117 1666 Aug.
1142 1595 1175 1642 et
1205 1593 1210 1602 '

182 1668 287 1732 minor
305 1665 384 1728 edit.
397 1666 565 1749 Stephani.
608 1667 680 1730 Iota
704 1667 786 1728 illud
800 1696 821 1733 α
841 1665 941 1729 hahet
960 1665 1175 1749 subscriptum

182 1752 217 1812 in
234 1751 307 1816 add.
322 1751 492 1827 wattoni,
516 1751 664 1830 Reirhii,
688 1753 841 1816 aliorumt
865 1751 947 1814 adde
962 1751 1070 1814 Schol.
1099 1749 1174 1854 [Ca-

183 1836 316 1898 aauhon.
329 1840 361 1897 le
384 1833 501 1898 endum
524 1851 630 1898 censet
652 1838 756 1920 κλᾳσῶ
770 1836 967 1935 autumni]
990 1873 1033 1884 —
1054 1833 1174 1940 o'poccp

183 1921 251 1983 cod.
267 1923 352 2006 Aug.
362 1858 475 2003 {toph
491 1921 605 1984 Heina.
624 1922 735 1984 Valck.
750 1917 900 1983 Warton.
917 1921 984 1984 alai.
1012 1915 1116 2006 ὅμωσῃ
1133 1940 1175 1981 ex
1263 1953 1271 1964 ·

183 2005 253 2069 edd.
268 2007 364 2091 princ.
378 2021 573 2068 revocarunt
587 2006 699 2069 Reisk.
716 2022 751 2069 at
765 2005 961 2084 Brunckiua,
986 2003 1173 2092 quoaDahl.

184 2105 338 2173 sequutus
352 2103 409 2151 eat.
423 2139 430 2152 .
452 2091 551 2152 Harl.

145 2173 191 2240 55.
213 2173 404 2237 Eustathiua
419 2173 513 2236 Iliad.
529 2201 560 2240 ιι.
577 2197 609 2258 p-
627 2173 678 2240 50.
690 2203 735 2235 π
748 2175 799 2242 25.
814 2176 854 2239 ad
870 2199 902 2241 v.
916 2173 990 2259 ἒμδν
1011 2179 1096 2261 λέχος
1116 2167 1173 2240 air·

181 2257 321 2328 τιόωσιιν.
364 2257 478 2326 'dortho
498 2264 532 2326 dd
552 2260 819 2366 ὅτιὍμηροςμέν
836 2264 917 2330 οὕτω
930 2264 1045 2345 σεμνῶς
1060 2260 1173 2344 ἔφρασε

182 2349 280 2430 φειδοῖ
294 2344 350 2412 τοῦ
369 2370 402 2409 ta
422 2351 569 2429 βασιλέως
589 2349 643 2412 aci
660 2349 721 2414 τῶν
742 2350 912 2433 ακριιατιιῖν·
959 2339 1122 2430 Θεόκριτος
1143 2348 1175 2410 dl

181 2429 391 2515 μιμησάμενος
410 2433 442 2497 ἐι
456 2431 499 2515 τῷ
513 2425 591 2509 otiari
606 2456 659 2513 μοι
678 2436 817 2516 orope'cae
835 2429 914 2500 calci
926 2435 1051 2514 δι’μνιιι,
1076 2432 1175 2512 oepi-

182 2543 290 2602 crepoe
307 2517 366 2598 pie
383 2515 467 2590 elne,
488 2521 613 2583 καθεῖλε
635 2519 667 2582 δὲ
681 2515 738 2596 τήν
751 2515 886 2602 ἠρωὶἱιήν
903 2518 1038 2601 ἔμφασιν
1052 2521 1104 2582 acl
1119 2539 1175 2580 σε·

147 2641 149 2646 ’
181 2599 326 2750 tina
357 2598 1174 2750 :2⁶⁶⁹affiniatilanatdt‘ztlia

182 2771 301 2834 dicitur
318 2708 445 2833 inaulai)
465 2793 495 2832 v.
511 2771 664 2833 Warton.
684 2770 720 2832 in
743 2770 833 2832 notia
853 2769 894 2832 ad
915 2711 948 2831 h.
966 2707 1044 2833 hpet'
1059 2770 1093 2829 in
1109 2767 1174 2829 Ad·

183 2856 306 2920 dendia.
327 2889 372 2906 ·-
393 2853 468 2940 epid,
482 2859 534 2922 tut
544 2852 637 2930 adcor,
647 2855 713 2929 dic,
728 2853 1104 2930 ininazda,seribendum
1117 2875 1175 2936 pu·

177 2935 229 3003 ¹tat
245 2939 412 3016 Heinsius,
436 2939 522 3024 qnod
536 2940 630 3003 codd.
645 2938 834 3002 affirmatum
849 2939 978 3022 probari
992 2959 1083 3022 posse
1100 2938 1174 2997 l'al·
1264 2931 1271 2946 ’

181 3027 271 3090 chen.
286 3039 404 3089 censet.
425 3026 523 3085 Harl.
567 3026 626 3102 [At
641 3029 771 3111 vulgata
785 3025 884 3088 lectio
900 3022 1032 3088 eandem
1048 3035 1174 3085 tenten-

182 3112 269 3187 tiam,
293 3123 326 3172 et
342 3110 520 3193 elegantius
538 3109 677 3194 quidem,
710 3109 873 3194 exprimit.
916 3109 1050 3186 Iliensi]

142 3193 181 3260 54
201 3229 243 3244 -
264 3192 315 3258 58.
339 3193 501 3255 Praeclara
515 3209 562 3256 est
575 3195 680 3281 imago
696 3195 851 3280 Cyclopia
865 3195 941 3279 rupi
954 3193 1128 3256 incidentia
1143 3205 1176 3252 et

182 3281 219 3342 in
234 3280 383 3352 Oceano,
407 3293 560 3362 tanquam
584 3279 618 3340 ia
641 3287 792 3364 apoculo,
817 3281 969 3355 formam,
995 3283 1123 3340 oculum
1142 3289 1175 3336 et

185 3363 330 3425 dentium
354 3359 774 3448 nitorem'contemplantie.
814 3365 899 3427 conf.
923 3363 1048 3426 Callim.
1072 3363 1115 3423 H.
1137 3359 1174 3420 in

185 3450 322 3510 Lavacr.
341 3445 461 3509 Pallad.
486 3463 535 3509 20.
558 3447 670 3531 ibique
693 3449 827 3530 interpr.
854 3447 1049 3510 Theocritus
1069 3461 1176 3506 autem

186 3534 297 3616 (etiam
313 3530 424 3592 iudice
440 3531 601 3616 Scaligero
616 3533 651 3593 in
665 3535 755 3595 Poet.
771 3533 810 3594 V.
822 3531 852 3596 5.
867 3531 1033 3594 vid.Vcaa.
1049 3530 1089 3592 ad
1102 3529 1175 3592 Vir·

187 3619 242 3718 5³¹·
264 3617 335 3678 Ecl.
350 3636 382 3697 p.
396 3613 463 3701 66.)
485 3631 624 3700 praestat
644 3617 785 3702 Virgilio
807 3619 877 3678 Ecl.
894 3621 937 3681 ll.
955 3617 1006 3680 25.
1029 3617 1085 3676 vbi
1108 3611 1174 3678 vid.

133 3731 138 3742 ·
186 3715 389 3784 interpreter,
413 3721 449 3760 ac
465 3699 621 3784 Stephani
636 3702 728 3765 Obes.
747 3702 783 3762 in
799 3701 914 3786 Virgil.
922 3701 1092 3763 Theocriti
1105 3697 1176 3758 imi·

187 3801 243 3847 tat.
259 3807 292 3869 p.
309 3781 360 3860 37.
377 3805 424 3868 eq.
447 3783 524 3848 edit.
546 3785 624 3850 min.
647 3803 679 3850 et
704 3785 803 3850 Ovid.
822 3789 904 3848 Met.
926 3777 1017 3849 XIII.
1040 3783 1112 3849 840.
1135 3815 1175 3834 ·-·

187 3872 248 3934 Pro
264 3870 426 3951 intillenoe
442 3869 491 3932 ed.
500 3872 585 3932 Flor.
603 3874 689 3934 lunt.
706 3877 799 3954 (quae
816 3891 911 3953 eaape
926 3876 993 3934 oola
1012 3891 1108 3932 voces
1124 3888 1177 3952 ge·

187 3956 305 4016 nninaa
323 3953 565 4038 aubminiatrat)
583 3959 754 4041 ἐσέδρακον,
781 3953 869 4039 quod
882 3961 987 4100 placet
1002 3951 1178 4016 Valckena-

189 4041 240 4102 rio
258 4040 382 4123 pariter
401 4061 439 4100 ac
457 4041 598 4122 suspicio
618 4041 681 4102 viri
697 4039 862 4106 cuiusdam
905 4041 971 4102 octi
986 4039 1039 4104 uic
1056 4041 1091 4101 δι’
1107 4035 1131 4100 τ’
1144 4033 1179 4098 o'-

190 4123 319 4200 alnov,
348 4139 387 4184 vt
407 4124 448 4184 ad
468 4123 567 4208 αὐγάν
590 4127 756 4188 referatur.
802 4127 876 4202 [Va.
893 4124 943 4189 56.
964 4147 1024 4208 pro
1047 4125 1179 4203 vulgato

190 4207 217 4278 ὅ
226 4215 292 4294 ἐμὶν
306 4230 324 4270 e
339 4207 491 4292 pluribus
504 4209 574 4274 cdd.
591 4209 667 4272 dedi
680 4213 717 4276 δέ
729 4237 791 4294 μοι.
813 4215 868 4286 Κ.]
898 4209 980 4270 Cum
994 4207 1091 4270 Pario
1103 4223 1181 4263 man
