2874 5018
297 493 359 543 tro
457 479 770 544 enorrrror
806 477 1124 540 amrAArort
1159 464 1196 555 γ’.

300 646 374 727 Τόν
400 645 525 726 κισσόν
551 643 674 730 creoda
711 646 771 720 aui
794 639 1031 738 edereedere,
1058 641 1085 740 ᾇ
1108 640 1157 720 vri
1180 641 1357 746 πακᾰσᾷῃ.

295 757 377 832 Νῦν
393 755 503 849 ἔγνων
520 746 585 825 τόν
595 749 755 848 Ἔρωτα·
774 744 889 848 βαρύς
902 743 1000 830 θεός.
1028 745 1051 846 ἦ
1067 755 1116 846 ῥα
1131 750 1278 831 λεαίνας
1313 757 1356 824 15

288 851 454 982 ’,Μασδόν
479 849 673 951 ἐθήλαξεν,
698 851 826 951 δρυμῷ
850 854 896 926 rs'
916 879 983 944 μιν
1008 851 1147 949 depone
1171 848 1308 976 pdrqp·

306 963 356 1040 Or
379 987 427 1053 με
452 951 694 1051 νατασμύχων
719 956 780 1028 ναὶ
805 961 840 1037 ἐς
866 952 995 1028 ὀστέον
1020 953 1123 1047 ἄχρις
1148 958 1285 1029 ἰαπτει.

289 1058 347 1138 Ὦ
372 1055 419 1136 cd
443 1052 554 1133 ναλόν
584 1059 821 1155 ποθορεῦσα,
864 1051 910 1132 ‘cd
944 1058 1017 1130 πᾶν
1051 1058 1165 1140 licor
1198 1055 1228 1132 ὦ
1262 1051 1357 1132 avoi-

885 1188 928 1233 νο
983 1187 1005 1233 ν

293 1259 451 1361 Νύμφα,
478 1257 705 1364 πρόσπταεαί
717 1291 766 1358 μα
791 1255 858 1338 adr
880 1187 1048 1352 cirVdVor,
1065 1259 1111 1346 cic
1135 1291 1180 1337 ra
1202 1257 1356 1362 φιλαίσω.

355 1537 606 1616 homhilcntem,
630 1531 711 1622 quae
733 1538 819 1598 forte
840 1539 1082 1620 praetervolans
1105 1559 1123 1598 s
1146 1552 1287 1598 comesta
1309 1535 1356 1598 di·

356 1623 425 1708 gito
448 1637 687 1684 monstraretur.
718 1621 855 1706 [Similis
871 1643 947 1682 vsus
964 1621 1093 1683 articuli
1119 1635 1167 1683 est
1184 1621 1282 1704 Idyll.
1297 1621 1354 1697 IV,

356 1709 409 1773 50.
422 1723 456 1770 et
477 1709 518 1784 V,
542 1705 593 1771 ssr.
615 1709 750 1786 Κίνναι]
764 1743 806 1754 -
819 1708 1045 1789 ’Λμβομβεῧσα
1063 1705 1164 1768 Aldus
1188 1722 1222 1768 et
1244 1707 1355 1768 rescri-

305 1811 308 1832 ν
357 1793 423 1876 psit
435 1793 557 1854 Reiclre
571 1802 656 1868 (cum
671 1791 876 1874 spiritulen15
901 1790 1116 1854 namverhum
1131 1791 1356 1876 ἄναβομρεύαν

317 1949 319 1956 ¹
358 1893 456 1960 poeta
476 1879 587 1939 Siculo
611 1876 784 1961 indignum
800 1876 831 1936 ei
851 1894 919 1938 non
939 1875 1119 1940 videbatur.
1163 1879 1238 1958 Κ),
1271 1875 1354 1938 indi·

357 1979 478 2046 gnaute
495 1962 721 2024 Valckenario.
735 1957 863 2045 [Simili
878 1982 985 2022 errore
1006 1961 1041 2020 in
1062 1983 1129 2026 vno
1147 1961 1195 2022 cd.
1211 1965 1308 2026 Rom.
1325 1983 1354 2022 v.

357 2068 387 2132 9.
409 2047 562 2109 scribitur
578 2044 811 2129 ἀμπάγξασθαν.
834 2045 896 2132 Κ.]
916 2045 1075 2130 Compare
1094 2047 1212 2110 Anser.
1234 2047 1288 2109 od.
1306 2066 1354 2109 20.

316 2201 320 2208 ,
358 2135 424 2215 [De
446 2129 655 2214 Amaryllidis
683 2146 777 2192 antro
799 2133 886 2192 conf,
908 2131 936 2192 1.
956 2133 1001 2196 H.
1019 2131 1173 2194 Vossiunr
1199 2131 1241 2194 sd
1264 2131 1354 2214 Virg.

355 2220 428 2282 Ecl.
448 2240 480 2301 p.
501 2213 554 2282 45.
575 2218 639 2299 K.].
662 2221 728 2284 Kal
751 2215 787 2276 in
802 2212 867 2277 hoc
881 2236 977 2277 versu
993 2237 1060 2276 non
1076 2239 1148 2278 cum
1164 2215 1307 2279 Heinsio
1321 2217 1353 2274 in

357 2303 422 2374 κατ’
435 2300 623 2366 mutandum
639 2323 717 2376 esse,
741 2301 870 2362 monuit
883 2299 1127 2363 Valckenarius.
1170 2304 1271 2364 Harl.

315 2387 366 2454 14·
391 2391 493 2472 πτέριν
516 2391 646 2448 mollem
668 2406 737 2446 erse
764 2383 893 2446 herbam
916 2400 948 2446 et
978 2383 1077 2448 odore
1100 2403 1266 2470 serpentes
1290 2385 1354 2446 abi·

358 2494 449 2562 gere,
473 2471 613 2556 ideoque
631 2470 762 2532 rusticis
778 2470 879 2532 instar
893 2471 995 2547 strati,
1019 2470 1075 2532 vbi
1092 2470 1257 2546 cubarent,
1276 2471 1353 2532 fuis-

358 2584 412 2636 se,
436 2556 578 2643 denique
601 2551 741 2644 βληχρόν
783 2576 892 2637 uoque
914 2555 1094 2633 nominari,
1118 2555 1215 2618 docet
1230 2555 1353 2620 Scholi-

357 2660 450 2708 astes.
473 2645 603 2706 Harlee.
626 2645 750 2724 πτέρις,
795 2641 859 2716 lix,¹
881 2641 1095 2702 Farrnkrcut.
1119 2643 1216 2702 Plura
1240 2659 1353 2728 genera

358 2732 423 2794 hoo
436 2721 568 2794 nomine
578 2723 847 2811 comprehendere
861 2723 1008 2788 solebant
1023 2725 1167 2810 antiqui;
1191 2747 1270 2808 prae
1284 2724 1353 2788 aliis

357 2839 426 2882 non
442 2813 546 2876 Pteris
558 2813 808 2899 equilinsLinn.
825 2830 871 2890 sp.
888 2814 932 2890 pl.
948 2831 980 2890 p.
993 2809 1082 2873 1534.
1098 2811 1144 2869 ita
1161 2808 1249 2872 dicta
1256 2811 1353 2870 fuisse

355 2901 506 2974 videtur,
531 2899 558 2958 si
573 2896 702 2982 quidem
715 2909 749 2955 et
764 2892 802 2952 ab
819 2889 986 2950 hodiernis
1000 2892 1129 2953 Graecis
1147 2897 1235 2976 ᾳτέρι
1250 2899 1354 2977 appel·

355 2989 452 3060 latur,
476 3001 557 3067 quse
581 2983 616 3040 iu
633 2979 767 3042 Oriente
787 2974 914 3056 saepius
938 2973 979 3034 sd
999 2975 1097 3036 trium
1113 2980 1262 3039 vlnerum
1285 2975 1351 3040 alti·

357 3069 505 3132 tudinem
520 3063 688 3137 excrescit,
711 3074 744 3122 et
759 3059 806 3118 sic
821 3077 887 3118 uon
904 3057 1010 3119 minus
1022 3081 1115 3144 quam
1124 3059 1253 3139 hedera,
1271 3069 1348 3133 loca,

354 3154 411 3218 vbi
426 3149 556 3232 copiose
573 3146 697 3220 crescit,
722 3143 811 3204 invia
825 3139 958 3206 reddere
977 3158 1096 3228 potest.
1119 3145 1348 3210 VidForskol.

355 3241 382 3300 F
384 3243 443 3300 lor.
461 3232 545 3294 areb.
561 3253 593 3314 p.
608 3229 756 3293 XXXVI.
774 3227 930 3290 Schreber.

316 3339 364 3407 15.
386 3335 503 3420 Virgil.
524 3335 596 3396 Ecl.
618 3329 709 3394 Vm.
730 3327 782 3396 45.
800 3351 869 3415 sqq.
894 3351 980 3390 nuno
1002 3335 1080 3407 scio,
1103 3335 1185 3414 quid
1194 3331 1350 3396 strAmr

356 3439 417 3486 etc.
433 3419 489 3482 ced
505 3416 683 3500 simplicior
695 3435 914 3500 personaeque
931 3415 1074 3498 imperiti
1090 3419 1229 3499 pastoris
1243 3419 1347 3502 aptior

357 3521 408 3570 est
428 3505 531 3566 oratio
548 3501 751 3564 Theocrites.
781 3499 939 3582 Compara
956 3499 1078 3562 Tibull.
1095 3502 1155 3562 III.
1177 3505 1207 3566 4.
1225 3523 1275 3584 72.
1297 3502 1347 3563 Bi·

358 3591 431 3656 onis
444 3589 541 3671 Idyll.
559 3589 652 3649 VIII.
669 3601 701 3648 et
715 3581 848 3647 Moschi
867 3585 893 3646 I.
910 3601 1014 3672 ‘eaque
1028 3607 1108 3668 quse
1125 3585 1165 3646 ad
1182 3587 1237 3648 illa
1252 3585 1346 3648 adno-

355 3676 425 3740 tavi
445 3675 480 3734 in
504 3672 637 3734 Anthol.
661 3693 706 3756 gr.
725 3685 812 3754 poet.
835 3671 967 3732 Homer.
990 3669 1083 3732 Ilisd.
1105 3671 1191 3734 XVI.
1211 3671 1263 3736 55.
1282 3691 1345 3752 sqq.

356 3762 404 3823 ibi
426 3781 468 3822 ue
482 3757 589 3820 Clark.
605 3757 665 3820 Vir
688 3757 723 3818 il.
737 3756 818 3817 Aen.
832 3754 895 3830 IV,
920 3752 982 3817 565
1004 3789 1048 3804 --
1067 3753 1139 3838 567.
1157 3755 1284 3816 Gallim.
1307 3753 1345 3812 Il.

354 3783 477 3930 indes.
494 3843 545 3905 51.
565 3863 633 3928 sqq.
648 3779 695 3901 idi
717 3861 759 3902 ue
774 3855 843 3902 not.
858 3840 893 3906 in
910 3837 1045 3901 AnthoL
1060 3861 1107 3924 gr.
1126 3854 1212 3924 poet.
1236 3836 1346 3919 Eurip.

357 3928 475 3994 Troed.
496 3925 567 4004 783.
580 3949 653 4013 sqq..
664 3863 728 4005 (ed.
745 3924 857 3998 Seidl.)
871 3927 970 3985 Harl.

315 4019 365 4087 rt.
385 4037 433 4090 17·
446 4011 680 4094 tellaodrspro
696 4015 828 4094 vulgata
841 4009 984 4071 lectione
998 4005 1152 4087 ἐθήλαζεν,
1169 4033 1263 4096 quam
1275 4002 1343 4068 Ald.

360 4115 394 4164 et
407 4097 467 4162 Cd.
481 4101 563 4181 Aug.
580 4093 753 4180 praebent,
777 4094 1007 4157 Valckenarius
1027 4095 1063 4155 in
1083 4097 1185 4178 prima
1200 4093 1290 4155 Edit.
1307 4111 1343 4150 ex

358 4184 440 4251 cod.
457 4185 593 4250 Barocc.
607 4179 763 4270 (Modiol.
773 4195 806 4242 et
817 4179 927 4262 Rom.)
943 4201 1015 4242 cum
1027 4181 1102 4244 MS.
1116 4178 1271 4248 Leidensi
1285 4173 1342 4236 Th·
