2942 5014
1059 275 1068 310 Ι

291 425 598 490 rnrocnrrr
625 425 904 494 rora-arou
936 430 1077 496 xxrx.
1165 435 1226 518 745

154 592 363 616 *-
461 593 464 604 '

174 681 176 688 ’
218 687 390 750 omissum:
431 687 521 773 quod
549 703 657 752 tam'eu
679 687 789 754 omitti
813 691 951 768 licebat,
989 713 1088 777 quum
1117 697 1221 759 solum

216 773 425 855 proverbium
449 776 685 858 respiceretur,
715 780 796 852 οἶνος
818 774 1023 844 caldarlam.
1054 777 1153 862 Quod
1169 800 1222 840 eu·

216 871 279 918 tem
302 858 516 920 ascholiasta
540 859 596 922 ille
618 882 727 922 versus
748 861 936 924 Theocritei
959 883 1088 950 quoque
1110 885 1222 926 versus

215 941 348 1002 initium
366 943 504 1019 dicitur;
529 945 623 1007 verba
641 951 693 1012 aui
709 944 872 1032 θεόκριτος
888 945 1049 1032 adscripta
1065 947 1221 1012 videntur

177 1071 186 1082 .
215 1025 255 1086 ab
277 1029 343 1088 alio
368 1028 526 1112 quodam,
559 1031 616 1113 qui
638 1031 702 1093 hoc
724 1053 870 1108 carmen,
901 1031 989 1118 quod
1013 1037 1093 1094 alter
1108 1034 1143 1094 in
1160 1055 1220 1095 suo

215 1113 335 1174 Alcaeo
366 1113 516 1199 legisset,
554 1115 590 1175 in
617 1116 796 1180 Theocrito
825 1122 957 1201 legeret.
1006 1117 1165 1202 Denique
1192 1119 1221 1179 ai

216 1198 397 1281 quaeritur,
442 1197 500 1282 qui
523 1200 566 1261 sit
588 1202 728 1278 factum,
758 1217 796 1263 vt
813 1201 878 1264 hoc
898 1223 1023 1265 carmen
1047 1204 1158 1270 Alcaei
1179 1225 1219 1264 ex

214 1281 318 1364 ipsius
332 1283 475 1345 auctoris
493 1284 579 1347 libro
600 1284 786 1370 decerptum
803 1286 1026 1349 bucolicorum
1044 1289 1220 1350 carminum

212 1368 373 1428 volumini
404 1369 614 1444 insereretur;
651 1370 716 1433 hoc
743 1393 811 1434 non
838 1371 954 1434 mirum
983 1371 1147 1434 videbitur
1174 1375 1219 1449 ei,

214 1452 272 1536 qui
293 1453 506 1536 cogitaverit,
537 1477 604 1516 non
621 1461 718 1517 semel
730 1472 913 1540 vsurpatarn
930 1478 998 1520 esse
1020 1456 1103 1520 hanc
1119 1460 1221 1520 licen·

213 1537 314 1613 tiam,
345 1551 381 1599 vt
405 1537 605 1600 diversorum
622 1556 790 1603 auctorum
810 1562 926 1626 opere,
957 1542 992 1603 in
1014 1541 1115 1604 simili
1128 1564 1224 1628 argu·

214 1637 325 1684 mento
353 1622 532 1700 versantia,
569 1625 604 1684 in
627 1648 726 1686 vnum
750 1632 901 1688 volumen
925 1629 1218 1712 coniungerentur;

214 1721 312 1789 atque
328 1711 490 1774 Παιδικαῖν
507 1708 623 1770 horum
639 1726 863 1796 argumentum
882 1711 950 1774 fere
964 1727 1069 1774 totum
1083 1709 1218 1773 reditio

211 1790 336 1873 Idyllio
351 1794 477 1857 XXIII.
489 1792 651 1876 'Epacm'c
665 1797 687 1876 ἤ
702 1799 863 1876 Δυσέρως.
887 1797 977 1857 Haec
995 1795 1219 1858 Thiarachiut.

212 1879 377 1938 Mattlu'ae
398 1894 509 1941 contra
534 1877 685 1958 affirmat,
716 1881 864 1966 pluribus
888 1879 928 1942 de
953 1883 1072 1942 caussis
1094 1903 1127 1943 se
1150 1903 1218 1943 non

176 2003 179 2008 ,
212 1959 391 2039 adduci,vt
408 1963 526 2043 credat,
550 1965 889 2030 Alcaeotribueudum
903 1987 971 2028 esse
980 1989 1117 2029 carmen.
1140 1971 1220 2032 Pri,-
1314 2027 1318 2038 ,

210 2067 297 2106 mum
317 2050 403 2110 eninr
416 2048 590 2113 dialectum
606 2052 792 2129 Aeolicam,
826 2073 890 2136 qua
909 2054 1048 2112 Alcaeus
1066 2072 1141 2111 vaus
1156 2065 1216 2127 ost,

210 2130 240 2190 ci
262 2133 336 2215 quic
360 2134 430 2194 eius
455 2151 571 2216 poetae
591 2137 770 2222 fragmenta
795 2139 848 2200 vel
862 2158 965 2219 pauca
978 2137 1050 2211 illa,
1082 2137 1218 2233 quaein

210 2213 325 2277 Vrsini
341 2233 374 2278 et
387 2218 547 2302 Stephani
569 2221 815 2284 collectionibus
836 2225 1009 2304 leguntur,
1042 2217 1218 2316 diligenter

210 2303 477 2442 perlustraverit,
506 2310 605 2390 longe
627 2310 720 2388 plura
744 2327 760 2366 a
784 2305 940 2366 Dorismo
956 2303 1140 2368 recedentra
1162 2301 1217 2364 ha·

232 2385 336 2462 uisse,
375 2408 469 2472 quam
500 2390 535 2449 in
565 2389 628 2452 hcc
653 2391 793 2452 carmine
813 2385 1006 2465 oc'curr'uut,
1044 2388 1219 2472 intelliget.

210 2469 337 2530 Deinde
353 2472 538 2535 verosimile
560 2491 713 2551 nonest,
743 2474 872 2550 Alcaei,
903 2473 938 2533 in
955 2473 1048 2535 cuius
1069 2472 1218 2533 carmini·

211 2551 272 2613 hus
301 2555 509 2618 emendandis
538 2558 790 2642 Aristophanem
812 2573 845 2622 et
866 2557 1089 2620 Aristarchum
1109 2559 1217 2618 elabo-

210 2657 296 2698 rasse
310 2641 492 2724 accepimus
505 2647 557 2721 (v.
573 2643 749 2707 Villoison.
767 2645 853 2706 Prol.
871 2641 911 2704 ad
927 2645 1059 2705 Homer.
1075 2663 1108 2726 p.
1126 2641 1216 2706 LIX.

210 2722 318 2787 Schol.
334 2725 500 2809 Aristoph.
515 2731 601 2790 Plut.
616 2749 646 2789 v.
664 2727 735 2792 255.
753 2743 786 2791 et
801 2727 981 2790 Hemsterh.
992 2725 1032 2788 ad
1048 2726 1080 2788 h.
1091 2728 1139 2808 l.),
1151 2747 1216 2788 car·

210 2829 285 2868 men
318 2809 452 2909 aliquod
473 2810 514 2872 ad
536 2812 767 2890 Theocritum,
807 2818 972 2898 aequalem
997 2813 1067 2874 fere
1086 2813 1217 2874 illorum

210 2909 491 2980 grammatrcorum
511 2911 657 2981 poetam,
694 2899 808 2961 referri
827 2898 992 2982 potuisses
1028 2912 1097 2959 tum
1118 2901 1218 2959 multa

209 2977 339 3064 quidem
366 2979 523 3042 acriorum
548 2998 583 3045 et
609 2997 779 3066 poetarum
799 2999 832 3046 et
859 2985 997 3044 aliorum
1025 2983 1218 3066 scriptorum

212 3085 312 3147 opera
336 3065 578 3148 antiquioribus
603 3068 727 3130 tributa
748 3091 815 3132 esse
840 3082 985 3144 constat,
1023 3067 1218 3153 antiquioris

211 3154 265 3210 vel
288 3149 508 3233 antiquissimi
530 3151 609 3214 adeo
625 3153 775 3214 carminis
798 3153 914 3215 seriori
927 3169 1044 3236 poetae
1064 3153 1124 3214 assi
1149 3150 1218 3211 nati

208 3255 251 3295 ne
268 3255 368 3296 vuum
385 3234 518 3318 quidem
541 3243 725 3320 exemplum
748 3259 789 3300 cx
806 3251 876 3300 tota
893 3237 1087 3321 antiquitate
1105 3175 1217 3298 aiens

210 3319 378 3404 quisquam
402 3321 516 3402 possit.
560 3321 623 3384 His
644 3323 842 3406 argumentis
858 3321 1054 3384 Scholiastae
1069 3322 1217 3384 Platonis

209 3402 385 3465 auctoritas
414 3427 481 3467 nou
513 3407 720 3468 mediocriter
749 3407 975 3482 labefactatur,
1013 3407 1114 3492 magis
1139 3427 1217 3468 vero

210 3489 309 3562 etiarn
332 3488 528 3575 infringitur
542 3490 673 3573 Scholio
688 3490 728 3552 ad
740 3490 951 3575 Lycophron.
971 3511 1042 3556 212·
1058 3493 1108 3559 irs
1121 3499 1151 3558 οἱ
1166 3495 1218 3558 οἰ-

210 3575 361 3648 νωθέντες
380 3571 420 3639 rei
435 3577 491 3641 soii
512 3578 659 3661 λογισμοῦ
672 3573 834 3661 ᾰπόρῤητα
848 3581 1061 3658 iaqcivouosa·
1073 3579 1149 3644 ὅθεν
1167 3578 1220 3642 καὶ

206 3654 352 3732 Ἀλκαῖός
384 3681 493 3741 φησιν·
521 3664 632 3738 civoc
657 3659 728 3746 γάρ
755 3659 987 3746 α’νθρῶποις
1013 3667 1217 3746 eliocroca.

211 3741 369 3826 Quamvis
382 3743 469 3804 enim
485 3745 565 3808 haec
581 3744 646 3807 duo
662 3751 734 3808 loca
757 3769 824 3810 non
840 3747 885 3807 ita
898 3748 985 3810 inter
1004 3769 1038 3809 se
1054 3759 1215 3832 pugnent,

208 3843 245 3890 rt
265 3832 455 3889 alterutrum
475 3831 590 3892 falsum
607 3851 676 3892 esse
697 3853 826 3894 necessa
841 3831 903 3907 sit;
933 3867 978 3883 ·-
1005 3832 1115 3915 potuit
1129 3829 1217 3891 euim

208 3912 347 3974 Alcaeus
368 3911 418 3973 his
444 3913 586 3976 eamdem
609 3917 802 3979 sententiam
824 3915 961 3979 diversis
985 3916 1095 3980 verbis
1116 3935 1218 3976 enun-

209 3998 293 4058 tiare
313 4031 357 4046 -
377 4013 503 4074 tamen,
535 4022 633 4084 quum
656 4000 816 4063 Scholion
833 4000 874 4062 ad
893 4001 1060 4064 Platonem
1078 4014 1128 4061 tot
1144 3998 1217 4060 aliis

209 4081 424 4144 incommodis
443 4083 587 4161 laboret,
617 4100 654 4146 vt
675 4101 839 4148 auctorem
862 4087 932 4147 eius
947 4107 1068 4147 errasse
1085 4085 1140 4144 virs
1163 4104 1218 4144 ne·

210 4167 280 4254 gari
299 4169 423 4255 possit,
457 4189 498 4232 ex
514 4167 579 4233 hoc
601 4168 641 4232 ad
652 4153 909 4256 Lycophronem
924 4169 1051 4234 scholio
1068 4189 1161 4238 cauta
1177 4168 1219 4231 ai·

198 4258 213 4286 0
