2874 5018
310 376 907 472 annonarrr'rnrnnrou
942 405 1030 468 ιν.
1123 399 1204 468 135·

28 605 29 658 ι
117 577 220 644 Dono
241 575 329 644 mihi
351 601 427 646 eam
447 578 585 667 reliquit
593 587 615 645 ι’
632 599 694 666 ego
714 587 830 644 autem
850 597 922 642 non
945 572 1085 642 ultimus
1105 595 1182 643 aum

703 692 821 746 cantor

115 781 159 848 Et
172 781 260 848 hene
275 805 359 852 cano
372 787 523 854 carmina
538 784 697 865 Glanum,
719 783 806 849 benc
822 780 925 848 etiam
938 777 1076 870 Pyrrhi.
1190 779 1194 786 ’

28 891 29 894 ’
114 885 234 952 Laudo
252 887 422 955 Crotona:
444 889 632 975 pulcraque
652 887 733 954 vrbs
749 899 800 952 est
816 885 1017 972 Zacynthus,

28 1069 29 1072 Ἴ
116 988 160 1056 Et
182 989 343 1077 pulcrum
361 1003 410 1057 est
431 991 596 1058 orientale
617 989 891 1081 promontorium
904 986 1101 1070 Lacinium,
1122 981 1184 1050 vbi

28 1203 29 1276 l
116 1191 229 1278 Aegon
252 1194 421 1282 octoginta
440 1195 530 1262 solua
552 1096 833 1264 devoradiulgiiiar

28 1361 29 1368 χ
116 1293 167 1358 lbi
181 1294 284 1362 etiam
298 1308 436 1362 taurum
457 1321 479 1362 a
495 1311 612 1364 monte
626 1300 772 1368 ducebat
783 1303 992 1390 prehensum

28 1375 30 1396 ³
117 1396 260 1484 Vngula,
282 1411 317 1466 et
329 1399 537 1490 Amaryllidi
552 1403 709 1472 donavit:
729 1404 864 1496 puellae

128 1569 325 1587 m

180 1663 375 1750 clarissimis
395 1669 539 1728 inventa.
582 1667 628 1727 Et
645 1671 694 1728 sic
715 1667 870 1728 celebrare
885 1669 963 1731 meis
978 1659 1178 1726 carnainibua

180 1749 262 1807 aclea
272 1749 474 1832 Zacynthum
488 1765 518 1811 et
532 1753 719 1815 Lacinium.
764 1754 815 1813 Ex
829 1753 892 1814 hoc
908 1771 1025 1837 genere
1040 1748 1177 1830 hymno·

180 1854 267 1908 rum,
292 1833 383 1918 quod
400 1851 546 1897 versatur
565 1837 600 1896 in
625 1836 849 1920 praedicandis
870 1836 1020 1898 laudibus
1041 1832 1107 1896 loci
1122 1841 1179 1890 ant

179 1917 324 2004 regionis
340 1919 488 1996 alicuius,
514 1926 695 2006 exernplum
710 1937 856 2006 superest
869 1921 1009 2002 hymnus
1024 1920 1081 1980 ille
1095 1916 1176 1999 ipse,

181 2023 277 2084 quem
297 2003 395 2066 modo
418 2003 604 2082 laudabam,
629 2007 821 2069 Callimachi
842 2007 878 2068 in
890 2009 1023 2067 Delum.
1054 2004 1175 2062 uetito.

179 2086 239 2148 Vir
261 2087 394 2171 quidam
418 2087 549 2167 doctus,
581 2105 720 2153 testante
740 2093 920 2166 Wartono,
945 2091 1033 2151 hunc
1053 2093 1174 2163 locum,

180 2171 292 2234 eiectis
308 2173 417 2234 verbis
431 2175 539 2242 ciZaa·
554 2179 607 2242 aui
619 2173 656 2243 τό
669 2203 703 2240 π.
716 2203 744 2241 τ.
757 2185 814 2253 A„
838 2174 967 2280 01010ξί
982 2175 1106 2235 voluit:
1129 2175 1175 2236 αι’-

177 2259 236 2324 ar'ar
258 2253 315 2324 τόν
336 2281 370 2324 aa
398 2256 565 2342 Κρότωνα·
597 2258 676 2328 aulai
700 2259 799 2338 πόλις·
814 2301 816 2306 ·
832 2260 911 2348 ᾇπερ
931 2287 948 2326 o
967 2256 1084 2332 πύκτας
1104 2277 1174 2340 sqq·

179 2343 273 2404 cuius
292 2344 490 2426 suspicionis
510 2350 600 2406 nulla
620 2346 739 2409 idonea
762 2369 855 2408 causa
876 2359 1018 2429 apparet.
1067 2343 1174 2406 ΤΙιοιπ.

178 2429 303 2510 Briggs
325 2451 446 2490 comma
468 2430 568 2513 ponit
588 2445 664 2512 post
681 2431 791 2509 πόλις,
813 2430 975 2514 verbaque
991 2428 1070 2495 καλοὶ
1088 2427 1176 2504 πόλις

178 2515 279 2576 refert
294 2513 336 2577 ad
352 2512 547 2590 Crotonem,
571 2537 639 2576 non
656 2516 696 2576 ad
712 2514 929 2596 Zacynthum.
953 2537 958 2552 ·
973 2514 1088 2575 Potius
1102 2533 1176 2572 ana·

178 2597 336 2660 coluthon
357 2596 412 2659 hic
434 2615 500 2674 eat,
532 2620 605 2660 nam
625 2600 757 2683 proprie
777 2599 949 2660 dicendum
976 2614 1060 2674 crat,
1085 2601 1176 2662 αἰνέω

176 2681 231 2750 tria
244 2707 278 2748 τε
292 2679 460 2768 Κρότωνα,
480 2679 536 2752 τόν
554 2708 587 2748 τε
599 2683 764 2751 Ζάκυνθον
782 2689 835 2748 aral
848 2682 882 2748 ri
893 2687 1054 2750 Λακίνιον.
1098 2683 1178 2744 Post

177 2771 318 2836 ποτιιῶον
338 2770 597 2852 poculentum,
628 2767 738 2832 iudice
759 2771 957 2830 Hermanno.
979 2802 1024 2818 -
1057 2769 1176 2829 Versus

174 2851 225 2919 55.
248 2869 281 2917 et
304 2851 358 2920 54.
377 2855 458 2916 citat
476 2857 586 2918 Tacta.
608 2853 649 2916 ad
667 2853 880 2940 Lycophron.
895 2849 968 2918 856.
991 2888 1035 2902 -
1057 2853 1176 2914 Gracia

178 2965 301 3022 mavult
315 2963 370 3026 aa!
382 2984 415 3024 aa
432 2962 588 3042 ποταῶιιν,
611 2960 700 3046 quod
717 2961 825 3024 miror.
866 2961 922 3020 Dc
944 2967 963 3036 ζ
979 2959 1177 3045 positionem

179 3048 350 3108 omittente
365 3043 433 3107 vid.
443 3047 603 3128 Spitaner.
619 3045 659 3108 de
675 3065 771 3107 versu
785 3043 918 3106 heroico
933 3067 1023 3132 p.99.
1044 3049 1175 3124 Kieaal]

182 3133 314 3206 Croton,
337 3129 438 3192 hodie
455 3131 600 3208 Cetrora,
623 3131 697 3192 vrbs
711 3129 873 3213 quondam
890 3129 925 3188 in
947 3132 1043 3214 Italia
1059 3130 1175 3194 floren·

178 3216 311 3278 tissima.
357 3218 553 3298 Zacynthus,
572 3215 673 3278 hodie
689 3217 802 3289 Zama,
822 3213 896 3274 vrbs
909 3215 1035 3279 insulae
1048 3215 1173 3292 eodem,

180 3323 244 3386 quo
263 3301 332 3384 ipsa
344 3315 404 3374 est,
425 3301 568 3375 nomine,
583 3299 766 3384 propinqua
780 3300 940 3364 Aetoliae.
963 3300 1037 3367 Liv.
1053 3293 1175 3366 XXVI.

179 3385 231 3450 24.
267 3389 447 3446 Lacinium
474 3398 521 3448 est
547 3384 807 3468 promontorium
827 3385 1031 3447 Bruttiorum
1053 3385 1176 3470 (hodie
1227 3437 1233 3454 .

182 3472 268 3552 Capo
284 3469 362 3532 delle
379 3469 512 3530 Coloniae
526 3484 583 3530 aut
593 3471 709 3546 Nave).
732 3501 775 3517 -
795 3471 944 3546 ποταῶον,
961 3468 998 3536 τό
1010 3473 1086 3554 πρός
1099 3471 1177 3535 cira-

180 3554 272 3632 soloin
285 3558 339 3634 τῆς
352 3552 576 3639 Κροτωνιόδος.
605 3553 715 3618 schot.
736 3587 781 3604 -
800 3555 855 3615 De
868 3557 1000 3637 Asgorrc
1016 3579 1048 3620 v.
1065 3556 1175 3622 Schol.

178 3657 211 3704 et
225 3643 378 3702 Wartou.
421 3643 520 3703 Harl.

140 3761 189 3835 55.
209 3761 339 3845 πιᾶξας,
371 3785 389 3824 a
413 3762 484 3830 dor.
507 3765 610 3828 forma
636 3759 776 3838 πιόσδω,
809 3763 948 3826 illustrat
966 3763 1118 3827 Valcken.
1142 3765 1178 3826 in

178 3853 285 3935 Epist.
306 3849 347 3911 ad
367 3851 488 3912 Prdrer.
507 3874 539 3934 p.
553 3848 645 3915 LXI.
666 3853 765 3914 Harl.
811 3849 909 3914 Couf.
932 3849 1061 3916 Aelian.
1079 3851 1122 3916 V.
1137 3851 1179 3914 H.

178 3937 257 4001 XH.
276 3957 345 4020 cap.
362 3953 413 3998 aa.
458 3937 577 3998 Kirssl.

141 4060 187 4129 36.
209 4065 317 4148 Iunge
335 4059 390 4148 dyc
410 4095 455 4114 ·-
473 4065 530 4141 τᾶς
550 4056 664 4140 dulcis,
687 4085 746 4148 pro
763 4067 794 4141 ἐξ
806 4062 913 4140 όπλᾶς.
947 4083 979 4130 v,
994 4065 1109 4128 Valck.
1123 4061 1181 4124 alii

181 4148 236 4227 scic
250 4145 360 4227 ὁπλάς.
384 4151 481 4227 [Vera
499 4151 598 4212 lectio
625 4163 675 4212 est
693 4149 758 4216 iam
781 4149 817 4212 in
839 4148 952 4235 primis
967 4149 1039 4215 edd.
1062 4151 1123 4226 K]
1139 4179 1183 4196 -
