<?xml version="1.0" encoding="UTF-8"?>
<!DOCTYPE html PUBLIC "-//W3C//DTD XHTML 1.0 Transitional//EN"
    "http://www.w3.org/TR/xhtml1/DTD/xhtml1-transitional.dtd">
<html xmlns="http://www.w3.org/1999/xhtml" xml:lang="en" lang="en">
 <head>
  <title>
</title>
<meta http-equiv="Content-Type" content="text/html;charset=utf-8" />
  <meta name='ocr-system' content='tesseract 3.04.00' />
  <meta name='ocr-capabilities' content='ocr_page ocr_carea ocr_par ocr_line ocrx_word'/>
</head>
<body>
  <div class='ocr_page' id='page_1' title='image "./theocritireliqv00kiesgoog_0999.png"; bbox 0 0 2816 5022; ppageno 0'>
   <div class='ocr_carea' id='block_1_1' title="bbox 265 419 1193 520">
    <p class='ocr_par' dir='ltr' id='par_1_1' title="bbox 265 419 1193 520">
     <span class='ocr_line' id='line_1_1' title="bbox 265 419 1193 520; baseline -0.011 -25"><span class='ocrx_word' id='word_1_1' title='bbox 265 429 328 520; x_wconf 74' lang='lat'><strong>982</strong></span> <span class='ocrx_word' id='word_1_2' title='bbox 427 427 527 494; x_wconf 83' lang='lat' dir='ltr'>IAC.</span> <span class='ocrx_word' id='word_1_3' title='bbox 568 421 848 492; x_wconf 77' lang='lat' dir='ltr'><strong>Monabmt</strong></span> <span class='ocrx_word' id='word_1_4' title='bbox 893 419 1193 496; x_wconf 61' lang='lat' dir='ltr'><strong>ErtsroLAJ</strong></span> 
     </span>
    </p>
   </div>
   <div class='ocr_carea' id='block_1_2' title="bbox 277 595 1394 3896">
    <p class='ocr_par' dir='ltr' id='par_1_2' title="bbox 331 595 1340 768">
     <span class='ocr_line' id='line_1_2' title="bbox 331 595 1340 681; baseline -0.004 -18"><span class='ocrx_word' id='word_1_5' title='bbox 331 601 478 662; x_wconf 82' lang='lat' dir='ltr'>Deorum</span> <span class='ocrx_word' id='word_1_6' title='bbox 500 600 687 674; x_wconf 78' lang='lat' dir='ltr'><strong>icnncutn,</strong></span> <span class='ocrx_word' id='word_1_7' title='bbox 716 617 797 681; x_wconf 85' lang='lat' dir='ltr'><strong>quae</strong></span> <span class='ocrx_word' id='word_1_8' title='bbox 813 595 848 656; x_wconf 93' lang='lat' dir='ltr'><strong>in</strong></span> <span class='ocrx_word' id='word_1_9' title='bbox 864 609 1009 657; x_wconf 78' lang='lat' dir='ltr'><strong>veterum</strong></span> <span class='ocrx_word' id='word_1_10' title='bbox 1024 595 1284 678; x_wconf 77' lang='lat' dir='ltr'><strong>Aegyptiorum</strong></span> <span class='ocrx_word' id='word_1_11' title='bbox 1300 620 1340 659; x_wconf 84' lang='lat' dir='ltr'><strong>ca·</strong></span> 
     </span>
     <span class='ocr_line' id='line_1_3' title="bbox 333 680 1340 768; baseline -0.007 -22"><span class='ocrx_word' id='word_1_12' title='bbox 333 685 503 746; x_wconf 82' lang='lat' dir='ltr'><strong>daveribua</strong></span> <span class='ocrx_word' id='word_1_13' title='bbox 518 684 633 768; x_wconf 78' lang='lat' dir='ltr'><strong>passim</strong></span> <span class='ocrx_word' id='word_1_14' title='bbox 649 682 873 766; x_wconf 88' lang='lat' dir='ltr'><strong>reperiuntur,</strong></span> <span class='ocrx_word' id='word_1_15' title='bbox 907 680 1035 762; x_wconf 82' lang='lat' dir='ltr'><strong>aliaque</strong></span> <span class='ocrx_word' id='word_1_16' title='bbox 1050 681 1231 764; x_wconf 78' lang='lat' dir='ltr'><strong>Aegyptia</strong></span> <span class='ocrx_word' id='word_1_17' title='bbox 1243 683 1340 766; x_wconf 75' lang='lat' dir='ltr'><strong>signa,</strong></span> 
     </span>
    </p>

    <p class='ocr_par' dir='ltr' id='par_1_3' title="bbox 277 763 1394 3896">
     <span class='ocr_line' id='line_1_4' title="bbox 277 763 1343 854; baseline -0.008 -21"><span class='ocrx_word' id='word_1_18' title='bbox 277 822 280 833; x_wconf 95' lang='lat'><em>.</em></span> <span class='ocrx_word' id='word_1_19' title='bbox 335 775 446 854; x_wconf 86' lang='lat' dir='ltr'><strong>quales</strong></span> <span class='ocrx_word' id='word_1_20' title='bbox 469 771 593 830; x_wconf 80' lang='lat' dir='ltr'><strong>inerint</strong></span> <span class='ocrx_word' id='word_1_21' title='bbox 618 767 711 830; x_wconf 84' lang='lat' dir='ltr'><strong>rudes</strong></span> <span class='ocrx_word' id='word_1_22' title='bbox 733 767 940 848; x_wconf 80' lang='lat' dir='ltr'><strong>antiquorum</strong></span> <span class='ocrx_word' id='word_1_23' title='bbox 962 779 1109 840; x_wconf 81' lang='lat' dir='ltr'><strong>statuae,</strong></span> <span class='ocrx_word' id='word_1_24' title='bbox 1144 765 1204 824; x_wconf 87' lang='lat' dir='ltr'><strong>bic</strong></span> <span class='ocrx_word' id='word_1_25' title='bbox 1229 763 1343 826; x_wconf 72' lang='lat' dir='ltr'><strong>descri-</strong></span> 
     </span>
     <span class='ocr_line' id='line_1_5' title="bbox 334 848 1342 938; baseline -0.002 -24"><span class='ocrx_word' id='word_1_26' title='bbox 334 869 440 938; x_wconf 86' lang='lat' dir='ltr'><strong>ptaea</strong></span> <span class='ocrx_word' id='word_1_27' title='bbox 458 855 626 928; x_wconf 89' lang='lat' dir='ltr'><strong>Diodoro,</strong></span> <span class='ocrx_word' id='word_1_28' title='bbox 657 859 753 935; x_wconf 90' lang='lat' dir='ltr'><strong>plane</strong></span> <span class='ocrx_word' id='word_1_29' title='bbox 777 850 949 934; x_wconf 75' lang='lat' dir='ltr'><strong>intelliget.</strong></span> <span class='ocrx_word' id='word_1_30' title='bbox 999 848 1118 912; x_wconf 84' lang='lat' dir='ltr'><strong>Credit</strong></span> <span class='ocrx_word' id='word_1_31' title='bbox 1141 865 1261 910; x_wconf 80' lang='lat' dir='ltr'><strong>tamen</strong></span> <span class='ocrx_word' id='word_1_32' title='bbox 1277 853 1342 912; x_wconf 74' lang='lat' dir='ltr'><strong>sea·</strong></span> 
     </span>
     <span class='ocr_line' id='line_1_6' title="bbox 333 933 1340 1024; baseline -0.008 -22"><span class='ocrx_word' id='word_1_33' title='bbox 333 941 416 1024; x_wconf 82' lang='lat' dir='ltr'><strong>liger</strong></span> <span class='ocrx_word' id='word_1_34' title='bbox 441 941 475 999; x_wconf 91' lang='lat' dir='ltr'><strong>in</strong></span> <span class='ocrx_word' id='word_1_35' title='bbox 500 939 588 1000; x_wconf 84' lang='lat' dir='ltr'><strong>notis</strong></span> <span class='ocrx_word' id='word_1_36' title='bbox 607 936 647 998; x_wconf 91' lang='lat' dir='ltr'><strong>ad</strong></span> <span class='ocrx_word' id='word_1_37' title='bbox 663 935 858 1010; x_wconf 73' lang='lat' dir='ltr'><strong>Eusebium,</strong></span> <span class='ocrx_word' id='word_1_38' title='bbox 881 933 1022 995; x_wconf 85' lang='lat' dir='ltr'><strong>artificio</strong></span> <span class='ocrx_word' id='word_1_39' title='bbox 1037 939 1186 1018; x_wconf 73' lang='lat' dir='ltr'><strong>quodam</strong></span> <span class='ocrx_word' id='word_1_40' title='bbox 1202 936 1340 994; x_wconf 81' lang='lat' dir='ltr'><strong>Daedali</strong></span> 
     </span>
     <span class='ocr_line' id='line_1_7' title="bbox 335 1019 1340 1096; baseline -0.008 -10"><span class='ocrx_word' id='word_1_41' title='bbox 335 1045 411 1086; x_wconf 83' lang='lat' dir='ltr'><strong>vera</strong></span> <span class='ocrx_word' id='word_1_42' title='bbox 437 1025 578 1096; x_wconf 83' lang='lat' dir='ltr'><strong>factum,</strong></span> <span class='ocrx_word' id='word_1_43' title='bbox 607 1039 645 1083; x_wconf 90' lang='lat' dir='ltr'><strong>nt</strong></span> <span class='ocrx_word' id='word_1_44' title='bbox 660 1036 784 1084; x_wconf 81' lang='lat' dir='ltr'><strong>statuae</strong></span> <span class='ocrx_word' id='word_1_45' title='bbox 805 1033 1030 1092; x_wconf 68' lang='lat' dir='ltr'><strong>moverentur,</strong></span> <span class='ocrx_word' id='word_1_46' title='bbox 1067 1019 1104 1079; x_wconf 90' lang='lat' dir='ltr'><strong>id</strong></span> <span class='ocrx_word' id='word_1_47' title='bbox 1126 1021 1224 1080; x_wconf 86' lang='lat' dir='ltr'><strong>enim</strong></span> <span class='ocrx_word' id='word_1_48' title='bbox 1251 1019 1340 1082; x_wconf 84' lang='lat' dir='ltr'><strong>tradit</strong></span> 
     </span>
     <span class='ocr_line' id='line_1_8' title="bbox 335 1101 1338 1191; baseline -0.004 -21"><span class='ocrx_word' id='word_1_49' title='bbox 335 1108 536 1170; x_wconf 79' lang='lat' dir='ltr'><strong>Themistius</strong></span> <span class='ocrx_word' id='word_1_50' title='bbox 557 1105 596 1168; x_wconf 91' lang='lat' dir='ltr'><strong>de</strong></span> <span class='ocrx_word' id='word_1_51' title='bbox 617 1109 726 1191; x_wconf 82' lang='lat' dir='ltr'><strong>ligneo</strong></span> <span class='ocrx_word' id='word_1_52' title='bbox 750 1101 888 1188; x_wconf 86' lang='lat' dir='ltr'><strong>quodam</strong></span> <span class='ocrx_word' id='word_1_53' title='bbox 902 1103 1038 1165; x_wconf 82' lang='lat' dir='ltr'><strong>Veneria</strong></span> <span class='ocrx_word' id='word_1_54' title='bbox 1057 1103 1264 1178; x_wconf 76' lang='lat' dir='ltr'><strong>simulacro,</strong></span> <span class='ocrx_word' id='word_1_55' title='bbox 1295 1108 1338 1166; x_wconf 84' lang='lat' dir='ltr'><strong>cui</strong></span> 
     </span>
     <span class='ocr_line' id='line_1_9' title="bbox 335 1188 1337 1271; baseline -0.007 -15"><span class='ocrx_word' id='word_1_56' title='bbox 335 1193 501 1256; x_wconf 76' lang='lat' dir='ltr'><strong>Daedalus</strong></span> <span class='ocrx_word' id='word_1_57' title='bbox 515 1207 637 1254; x_wconf 87' lang='lat' dir='ltr'><strong>motum</strong></span> <span class='ocrx_word' id='word_1_58' title='bbox 655 1190 832 1262; x_wconf 78' lang='lat' dir='ltr'>indiderat,</span> <span class='ocrx_word' id='word_1_59' title='bbox 859 1188 969 1250; x_wconf 75' lang='lat' dir='ltr'><strong>infuso</strong></span> <span class='ocrx_word' id='word_1_60' title='bbox 987 1203 1125 1271; x_wconf 72' lang='lat' dir='ltr'><strong>argento</strong></span> <span class='ocrx_word' id='word_1_61' title='bbox 1144 1189 1243 1250; x_wconf 83' lang='lat' dir='ltr'><strong>viro.</strong></span> <span class='ocrx_word' id='word_1_62' title='bbox 1286 1191 1337 1249; x_wconf 75' lang='lat' dir='ltr'><strong>i&#39;e·</strong></span> 
     </span>
     <span class='ocr_line' id='line_1_10' title="bbox 343 1273 1340 1360; baseline -0.007 -21"><span class='ocrx_word' id='word_1_63' title='bbox 343 1300 415 1340; x_wconf 87' lang='lat' dir='ltr'><strong>rum</strong></span> <span class='ocrx_word' id='word_1_64' title='bbox 429 1293 467 1338; x_wconf 90' lang='lat' dir='ltr'><strong>ut</strong></span> <span class='ocrx_word' id='word_1_65' title='bbox 481 1293 517 1338; x_wconf 89' lang='lat' dir='ltr'><strong>ut</strong></span> <span class='ocrx_word' id='word_1_66' title='bbox 536 1277 570 1336; x_wconf 92' lang='lat' dir='ltr'><strong>in</strong></span> <span class='ocrx_word' id='word_1_67' title='bbox 585 1277 697 1360; x_wconf 78' lang='lat' dir='ltr'><strong>sigillo</strong></span> <span class='ocrx_word' id='word_1_68' title='bbox 709 1277 820 1357; x_wconf 88' lang='lat' dir='ltr'><strong>aliquo</strong></span> <span class='ocrx_word' id='word_1_69' title='bbox 833 1274 960 1334; x_wconf 88' lang='lat' dir='ltr'><strong>minuto</strong></span> <span class='ocrx_word' id='word_1_70' title='bbox 998 1275 1170 1334; x_wconf 77' lang='lat' dir='ltr'><strong>mestitnm</strong></span> <span class='ocrx_word' id='word_1_71' title='bbox 1195 1273 1264 1334; x_wconf 86' lang='lat' dir='ltr'><strong>boc</strong></span> <span class='ocrx_word' id='word_1_72' title='bbox 1280 1277 1340 1334; x_wconf 85' lang='lat' dir='ltr'><strong>fne-</strong></span> 
     </span>
     <span class='ocr_line' id='line_1_11' title="bbox 336 1295 1338 1446; baseline -0.006 -22"><span class='ocrx_word' id='word_1_73' title='bbox 336 1363 397 1438; x_wconf 90' lang='lat' dir='ltr'><strong>rit,</strong></span> <span class='ocrx_word' id='word_1_74' title='bbox 422 1363 462 1424; x_wconf 87' lang='lat' dir='ltr'><strong>de</strong></span> <span class='ocrx_word' id='word_1_75' title='bbox 478 1360 703 1446; x_wconf 75' lang='lat' dir='ltr'>grandioribus</span> <span class='ocrx_word' id='word_1_76' title='bbox 717 1357 856 1420; x_wconf 81' lang='lat' dir='ltr'><strong>Daedali</strong></span> <span class='ocrx_word' id='word_1_77' title='bbox 877 1295 1029 1438; x_wconf 68' lang='lat' dir='ltr'><strong>operibus</strong></span> <span class='ocrx_word' id='word_1_78' title='bbox 1052 1357 1144 1418; x_wconf 87' lang='lat' dir='ltr'><strong>baud</strong></span> <span class='ocrx_word' id='word_1_79' title='bbox 1160 1358 1269 1420; x_wconf 83' lang='lat' dir='ltr'><strong>facile</strong></span> <span class='ocrx_word' id='word_1_80' title='bbox 1282 1359 1338 1418; x_wconf 83' lang='lat' dir='ltr'><strong>dici</strong></span> 
     </span>
     <span class='ocr_line' id='line_1_12' title="bbox 337 1439 1336 1530; baseline -0.006 -22"><span class='ocrx_word' id='word_1_81' title='bbox 337 1447 372 1508; x_wconf 93' lang='lat' dir='ltr'><strong>id</strong></span> <span class='ocrx_word' id='word_1_82' title='bbox 392 1461 517 1530; x_wconf 86' lang='lat' dir='ltr'><strong>potest,</strong></span> <span class='ocrx_word' id='word_1_83' title='bbox 549 1443 775 1506; x_wconf 84' lang='lat' dir='ltr'><strong>ctadbibenda</strong></span> <span class='ocrx_word' id='word_1_84' title='bbox 791 1442 900 1524; x_wconf 85' lang='lat' dir='ltr'><strong>potius</strong></span> <span class='ocrx_word' id='word_1_85' title='bbox 921 1455 970 1502; x_wconf 84' lang='lat' dir='ltr'><strong>est</strong></span> <span class='ocrx_word' id='word_1_86' title='bbox 985 1439 1066 1508; x_wconf 79' lang='lat' dir='ltr'><strong>fides</strong></span> <span class='ocrx_word' id='word_1_87' title='bbox 1088 1443 1336 1514; x_wconf 83' lang='lat' dir='ltr'><strong>vetustioribus,</strong></span> 
     </span>
     <span class='ocr_line' id='line_1_13' title="bbox 340 1525 1337 1616; baseline -0.005 -24"><span class='ocrx_word' id='word_1_88' title='bbox 340 1553 423 1616; x_wconf 79' lang='lat' dir='ltr'><strong>qnos</strong></span> <span class='ocrx_word' id='word_1_89' title='bbox 442 1530 589 1603; x_wconf 82' lang='lat' dir='ltr'><strong>laudavi,</strong></span> <span class='ocrx_word' id='word_1_90' title='bbox 621 1528 850 1611; x_wconf 80' lang='lat' dir='ltr'><strong>scriptoribus,</strong></span> <span class='ocrx_word' id='word_1_91' title='bbox 901 1525 997 1586; x_wconf 86' lang='lat' dir='ltr'><strong>nibus</strong></span> <span class='ocrx_word' id='word_1_92' title='bbox 1012 1541 1202 1588; x_wconf 76' lang='lat' dir='ltr'><strong>consonant</strong></span> <span class='ocrx_word' id='word_1_93' title='bbox 1219 1529 1337 1609; x_wconf 68' lang='lat' dir='ltr'><strong>Harpe</strong></span> 
     </span>
     <span class='ocr_line' id='line_1_14' title="bbox 340 1549 1391 1696; baseline -0.008 -18"><span class='ocrx_word' id='word_1_94' title='bbox 340 1618 483 1690; x_wconf 83' lang='lat' dir='ltr'><strong>oration,</strong></span> <span class='ocrx_word' id='word_1_95' title='bbox 521 1617 675 1689; x_wconf 84' lang='lat' dir='ltr'><strong>Tzetzes,</strong></span> <span class='ocrx_word' id='word_1_96' title='bbox 714 1613 846 1695; x_wconf 80' lang='lat' dir='ltr'><strong>aliique.</strong></span> <span class='ocrx_word' id='word_1_97' title='bbox 880 1549 974 1672; x_wconf 74' lang='lat' dir='ltr'><strong>qNum</strong></span> <span class='ocrx_word' id='word_1_98' title='bbox 1003 1609 1092 1692; x_wconf 90' lang='lat' dir='ltr'><strong>quod</strong></span> <span class='ocrx_word' id='word_1_99' title='bbox 1116 1612 1167 1670; x_wconf 85' lang='lat' dir='ltr'><strong>ait</strong></span> <span class='ocrx_word' id='word_1_100' title='bbox 1190 1613 1337 1696; x_wconf 74' lang='lat' dir='ltr'><strong>Scaliger,</strong></span> <span class='ocrx_word' id='word_1_101' title='bbox 1390 1650 1391 1663; x_wconf 29' lang='grc' dir='ltr'><strong>η</strong></span> 
     </span>
     <span class='ocr_line' id='line_1_15' title="bbox 339 1695 1337 1783; baseline -0.006 -21"><span class='ocrx_word' id='word_1_102' title='bbox 339 1700 403 1762; x_wconf 90' lang='lat' dir='ltr'><strong>hoc</strong></span> <span class='ocrx_word' id='word_1_103' title='bbox 422 1701 522 1783; x_wconf 81' lang='lat' dir='ltr'><strong>magis</strong></span> <span class='ocrx_word' id='word_1_104' title='bbox 548 1713 728 1781; x_wconf 80' lang='lat' dir='ltr'><strong>competere</strong></span> <span class='ocrx_word' id='word_1_105' title='bbox 762 1699 796 1756; x_wconf 91' lang='lat' dir='ltr'><strong>in</strong></span> <span class='ocrx_word' id='word_1_106' title='bbox 818 1695 993 1756; x_wconf 78' lang='lat' dir='ltr'><strong>Praxitelis</strong></span> <span class='ocrx_word' id='word_1_107' title='bbox 1016 1709 1050 1754; x_wconf 91' lang='lat' dir='ltr'><strong>et</strong></span> <span class='ocrx_word' id='word_1_108' title='bbox 1076 1695 1224 1758; x_wconf 86' lang='lat' dir='ltr'><strong>Phidiae</strong></span> <span class='ocrx_word' id='word_1_109' title='bbox 1257 1699 1337 1780; x_wconf 78' lang='lat' dir='ltr'><strong>signa</strong></span> 
     </span>
     <span class='ocr_line' id='line_1_16' title="bbox 338 1779 1338 1870; baseline -0.004 -24"><span class='ocrx_word' id='word_1_110' title='bbox 338 1790 437 1870; x_wconf 86' lang='lat' dir='ltr'><strong>longe</strong></span> <span class='ocrx_word' id='word_1_111' title='bbox 451 1785 665 1866; x_wconf 80' lang='lat' dir='ltr'><strong>expolitiora,</strong></span> <span class='ocrx_word' id='word_1_112' title='bbox 691 1805 786 1866; x_wconf 88' lang='lat' dir='ltr'><strong>quam</strong></span> <span class='ocrx_word' id='word_1_113' title='bbox 803 1783 857 1841; x_wconf 83' lang='lat' dir='ltr'><strong>illa</strong></span> <span class='ocrx_word' id='word_1_114' title='bbox 872 1779 1055 1854; x_wconf 84' lang='lat' dir='ltr'><strong>Daedalea,</strong></span> <span class='ocrx_word' id='word_1_115' title='bbox 1089 1779 1157 1840; x_wconf 88' lang='lat' dir='ltr'><strong>boc</strong></span> <span class='ocrx_word' id='word_1_116' title='bbox 1173 1803 1288 1844; x_wconf 80' lang='lat' dir='ltr'><strong>verum</strong></span> <span class='ocrx_word' id='word_1_117' title='bbox 1303 1805 1338 1842; x_wconf 81' lang='lat' dir='ltr'><strong>ct·</strong></span> 
     </span>
     <span class='ocr_line' id='line_1_17' title="bbox 342 1861 1380 1948; baseline -0.004 -18"><span class='ocrx_word' id='word_1_118' title='bbox 342 1885 413 1942; x_wconf 82' lang='lat' dir='ltr'><strong>aet,</strong></span> <span class='ocrx_word' id='word_1_119' title='bbox 442 1871 470 1930; x_wconf 80' lang='lat' dir='ltr'><strong>ci</strong></span> <span class='ocrx_word' id='word_1_120' title='bbox 490 1872 515 1928; x_wconf 91' lang='lat' dir='ltr'><strong>ii</strong></span> <span class='ocrx_word' id='word_1_121' title='bbox 535 1875 713 1948; x_wconf 84' lang='lat' dir='ltr'><strong>sculptores</strong></span> <span class='ocrx_word' id='word_1_122' title='bbox 733 1864 865 1940; x_wconf 81' lang='lat' dir='ltr'><strong>codem,</strong></span> <span class='ocrx_word' id='word_1_123' title='bbox 897 1885 961 1948; x_wconf 91' lang='lat' dir='ltr'><strong>quo</strong></span> <span class='ocrx_word' id='word_1_124' title='bbox 980 1861 1169 1940; x_wconf 81' lang='lat' dir='ltr'><strong>Daedalus,</strong></span> <span class='ocrx_word' id='word_1_125' title='bbox 1201 1881 1338 1948; x_wconf 83' lang='lat' dir='ltr'><strong>tempore</strong></span> <span class='ocrx_word' id='word_1_126' title='bbox 1374 1934 1380 1944; x_wconf 31' lang='grc' dir='ltr'>Ι</span> 
     </span>
     <span class='ocr_line' id='line_1_18' title="bbox 340 1947 1339 2024; baseline -0.004 -11"><span class='ocrx_word' id='word_1_127' title='bbox 340 1954 519 2024; x_wconf 81' lang='lat' dir='ltr'><strong>vixissent;</strong></span> <span class='ocrx_word' id='word_1_128' title='bbox 551 1953 670 2013; x_wconf 78' lang='lat' dir='ltr'><strong>etenim</strong></span> <span class='ocrx_word' id='word_1_129' title='bbox 692 1951 790 2020; x_wconf 75' lang='lat' dir='ltr'><strong>soliti¹</strong></span> <span class='ocrx_word' id='word_1_130' title='bbox 805 1965 932 2010; x_wconf 80' lang='lat' dir='ltr'><strong>tanttun</strong></span> <span class='ocrx_word' id='word_1_131' title='bbox 955 1947 1103 2010; x_wconf 80' lang='lat' dir='ltr'><strong>homines</strong></span> <span class='ocrx_word' id='word_1_132' title='bbox 1120 1949 1219 2009; x_wconf 86' lang='lat' dir='ltr'><strong>rudia</strong></span> <span class='ocrx_word' id='word_1_133' title='bbox 1237 1951 1291 2011; x_wconf 84' lang='lat' dir='ltr'><strong>illa</strong></span> <span class='ocrx_word' id='word_1_134' title='bbox 1306 1951 1339 2009; x_wconf 81' lang='lat' dir='ltr'><strong>si·</strong></span> 
     </span>
     <span class='ocr_line' id='line_1_19' title="bbox 340 2033 1339 2118; baseline -0.004 -20"><span class='ocrx_word' id='word_1_135' title='bbox 340 2041 480 2098; x_wconf 87' lang='lat' dir='ltr'><strong>mulacra</strong></span> <span class='ocrx_word' id='word_1_136' title='bbox 493 2038 535 2099; x_wconf 92' lang='lat' dir='ltr'><strong>ob</strong></span> <span class='ocrx_word' id='word_1_137' title='bbox 550 2041 664 2098; x_wconf 80' lang='lat' dir='ltr'><strong>oculos</strong></span> <span class='ocrx_word' id='word_1_138' title='bbox 677 2035 811 2108; x_wconf 86' lang='lat' dir='ltr'><strong>babere,</strong></span> <span class='ocrx_word' id='word_1_139' title='bbox 835 2056 875 2094; x_wconf 85' lang='lat' dir='ltr'><strong>ax</strong></span> <span class='ocrx_word' id='word_1_140' title='bbox 890 2033 1106 2116; x_wconf 73' lang='lat' dir='ltr'><strong>praestantia,</strong></span> <span class='ocrx_word' id='word_1_141' title='bbox 1137 2057 1226 2118; x_wconf 86' lang='lat' dir='ltr'><strong>quae</strong></span> <span class='ocrx_word' id='word_1_142' title='bbox 1242 2036 1339 2096; x_wconf 80' lang='lat' dir='ltr'><strong>cobse-</strong></span> 
     </span>
     <span class='ocr_line' id='line_1_20' title="bbox 342 2116 1338 2204; baseline -0.002 -24"><span class='ocrx_word' id='word_1_143' title='bbox 342 2137 443 2204; x_wconf 87' lang='lat' dir='ltr'><strong>quuta</strong></span> <span class='ocrx_word' id='word_1_144' title='bbox 464 2138 532 2197; x_wconf 78' lang='lat' dir='ltr'><strong>eat,</strong></span> <span class='ocrx_word' id='word_1_145' title='bbox 567 2136 743 2182; x_wconf 82' lang='lat' dir='ltr'><strong>statuarum</strong></span> <span class='ocrx_word' id='word_1_146' title='bbox 762 2118 901 2180; x_wconf 79' lang='lat' dir='ltr'><strong>Daedali</strong></span> <span class='ocrx_word' id='word_1_147' title='bbox 919 2119 953 2178; x_wconf 93' lang='lat' dir='ltr'><strong>in</strong></span> <span class='ocrx_word' id='word_1_148' title='bbox 970 2116 1225 2180; x_wconf 83' lang='lat' dir='ltr'><strong>admirationem</strong></span> <span class='ocrx_word' id='word_1_149' title='bbox 1244 2119 1338 2191; x_wconf 83' lang='lat' dir='ltr'><strong>ducti,</strong></span> 
     </span>
     <span class='ocr_line' id='line_1_21' title="bbox 342 2202 1342 2288; baseline -0.002 -22"><span class='ocrx_word' id='word_1_150' title='bbox 342 2207 540 2270; x_wconf 80' lang='lat' dir='ltr'><strong>ambulantes</strong></span> <span class='ocrx_word' id='word_1_151' title='bbox 562 2205 800 2288; x_wconf 87' lang='lat' dir='ltr'><strong>quodammodo</strong></span> <span class='ocrx_word' id='word_1_152' title='bbox 822 2206 895 2264; x_wconf 78' lang='lat' dir='ltr'><strong>illas</strong></span> <span class='ocrx_word' id='word_1_153' title='bbox 916 2202 1027 2264; x_wconf 87' lang='lat' dir='ltr'><strong>vidore</strong></span> <span class='ocrx_word' id='word_1_154' title='bbox 1044 2203 1218 2264; x_wconf 77' lang='lat' dir='ltr'><strong>visisunt.</strong></span> <span class='ocrx_word' id='word_1_155' title='bbox 1265 2207 1342 2266; x_wconf 82' lang='lat' dir='ltr'><strong>Hinc</strong></span> 
     </span>
     <span class='ocr_line' id='line_1_22' title="bbox 340 2287 1342 2372; baseline -0.004 -22"><span class='ocrx_word' id='word_1_156' title='bbox 340 2291 547 2372; x_wconf 85' lang='lat' dir='ltr'><strong>proverbium</strong></span> <span class='ocrx_word' id='word_1_157' title='bbox 576 2307 745 2362; x_wconf 84' lang='lat' dir='ltr'><strong>exortunr,</strong></span> <span class='ocrx_word' id='word_1_158' title='bbox 783 2287 871 2372; x_wconf 93' lang='lat' dir='ltr'><strong>quod</strong></span> <span class='ocrx_word' id='word_1_159' title='bbox 900 2288 940 2347; x_wconf 82' lang='lat' dir='ltr'><strong>ad</strong></span> <span class='ocrx_word' id='word_1_160' title='bbox 963 2290 1202 2369; x_wconf 80' lang='lat' dir='ltr'><strong>consequentia</strong></span> <span class='ocrx_word' id='word_1_161' title='bbox 1224 2294 1342 2352; x_wconf 71' lang='lat' dir='ltr'><strong>saecula</strong></span> 
     </span>
     <span class='ocr_line' id='line_1_23' title="bbox 343 2371 1341 2459; baseline -0.002 -24"><span class='ocrx_word' id='word_1_162' title='bbox 343 2375 561 2437; x_wconf 75' lang='lat' dir='ltr'><strong>transmissum</strong></span> <span class='ocrx_word' id='word_1_163' title='bbox 584 2391 648 2448; x_wconf 81' lang='lat' dir='ltr'><strong>cst,</strong></span> <span class='ocrx_word' id='word_1_164' title='bbox 681 2375 807 2436; x_wconf 85' lang='lat' dir='ltr'><strong>etiamsi</strong></span> <span class='ocrx_word' id='word_1_165' title='bbox 822 2373 998 2434; x_wconf 83' lang='lat' dir='ltr'><strong>nobiliores</strong></span> <span class='ocrx_word' id='word_1_166' title='bbox 1019 2371 1140 2433; x_wconf 77' lang='lat' dir='ltr'><strong>exinde</strong></span> <span class='ocrx_word' id='word_1_167' title='bbox 1156 2395 1341 2459; x_wconf 82' lang='lat' dir='ltr'><strong>progressus</strong></span> 
     </span>
     <span class='ocr_line' id='line_1_24' title="bbox 342 2461 1344 2543; baseline 0 -23"><span class='ocrx_word' id='word_1_168' title='bbox 342 2481 391 2520; x_wconf 83' lang='lat' dir='ltr'><strong>ars</strong></span> <span class='ocrx_word' id='word_1_169' title='bbox 413 2462 566 2522; x_wconf 84' lang='lat' dir='ltr'><strong>statuaria</strong></span> <span class='ocrx_word' id='word_1_170' title='bbox 589 2461 681 2520; x_wconf 86' lang='lat' dir='ltr'><strong>fecit.</strong></span> <span class='ocrx_word' id='word_1_171' title='bbox 725 2461 903 2532; x_wconf 86' lang='lat' dir='ltr'><strong>Picturam,</strong></span> <span class='ocrx_word' id='word_1_172' title='bbox 925 2461 1210 2540; x_wconf 81' lang='lat' dir='ltr'><strong>sculpturamque,</strong></span> <span class='ocrx_word' id='word_1_173' title='bbox 1243 2483 1344 2543; x_wconf 88' lang='lat' dir='ltr'><strong>quem·</strong></span> 
     </span>
     <span class='ocr_line' id='line_1_25' title="bbox 342 2541 1344 2626; baseline -0.002 -22"><span class='ocrx_word' id='word_1_174' title='bbox 342 2543 514 2606; x_wconf 86' lang='lat' dir='ltr'><strong>admodum</strong></span> <span class='ocrx_word' id='word_1_175' title='bbox 540 2561 571 2605; x_wconf 85' lang='lat' dir='ltr'><strong>et</strong></span> <span class='ocrx_word' id='word_1_176' title='bbox 601 2546 680 2606; x_wconf 85' lang='lat' dir='ltr'><strong>alias</strong></span> <span class='ocrx_word' id='word_1_177' title='bbox 702 2559 803 2618; x_wconf 85' lang='lat' dir='ltr'><strong>artes,</strong></span> <span class='ocrx_word' id='word_1_178' title='bbox 841 2541 1062 2626; x_wconf 82' lang='lat' dir='ltr'><strong>gloriabantur</strong></span> <span class='ocrx_word' id='word_1_179' title='bbox 1084 2543 1249 2625; x_wconf 81' lang='lat' dir='ltr'><strong>Aegyptii</strong></span> <span class='ocrx_word' id='word_1_180' title='bbox 1268 2541 1344 2626; x_wconf 87' lang='lat' dir='ltr'><strong>apnd</strong></span> 
     </span>
     <span class='ocr_line' id='line_1_26' title="bbox 343 2624 1344 2711; baseline -0.004 -21"><span class='ocrx_word' id='word_1_181' title='bbox 343 2651 378 2690; x_wconf 79' lang='lat' dir='ltr'><strong>se</strong></span> <span class='ocrx_word' id='word_1_182' title='bbox 391 2644 494 2691; x_wconf 84' lang='lat' dir='ltr'><strong>ortas:</strong></span> <span class='ocrx_word' id='word_1_183' title='bbox 526 2629 690 2711; x_wconf 83' lang='lat' dir='ltr'><strong>iidemque</strong></span> <span class='ocrx_word' id='word_1_184' title='bbox 702 2629 837 2710; x_wconf 81' lang='lat' dir='ltr'><strong>priscam</strong></span> <span class='ocrx_word' id='word_1_185' title='bbox 854 2628 941 2685; x_wconf 85' lang='lat' dir='ltr'><strong>illam</strong></span> <span class='ocrx_word' id='word_1_186' title='bbox 958 2624 1133 2686; x_wconf 84' lang='lat' dir='ltr'><strong>ruditatem</strong></span> <span class='ocrx_word' id='word_1_187' title='bbox 1150 2627 1186 2686; x_wconf 91' lang='lat' dir='ltr'><strong>in</strong></span> <span class='ocrx_word' id='word_1_188' title='bbox 1202 2631 1344 2690; x_wconf 84' lang='lat' dir='ltr'><strong>Deorun</strong></span> 
     </span>
     <span class='ocr_line' id='line_1_27' title="bbox 343 2710 1343 2798; baseline -0.002 -24"><span class='ocrx_word' id='word_1_189' title='bbox 343 2715 459 2775; x_wconf 82' lang='lat' dir='ltr'><strong>statuit</strong></span> <span class='ocrx_word' id='word_1_190' title='bbox 473 2729 571 2796; x_wconf 88' lang='lat' dir='ltr'><strong>atquc</strong></span> <span class='ocrx_word' id='word_1_191' title='bbox 593 2711 787 2796; x_wconf 84' lang='lat' dir='ltr'><strong>imaginibus</strong></span> <span class='ocrx_word' id='word_1_192' title='bbox 801 2710 965 2774; x_wconf 85' lang='lat' dir='ltr'><strong>mordicus</strong></span> <span class='ocrx_word' id='word_1_193' title='bbox 983 2710 1214 2787; x_wconf 87' lang='lat' dir='ltr'><strong>retinuerunt,</strong></span> <span class='ocrx_word' id='word_1_194' title='bbox 1245 2731 1343 2798; x_wconf 83' lang='lat' dir='ltr'><strong>atque,</strong></span> 
     </span>
     <span class='ocr_line' id='line_1_28' title="bbox 343 2793 1394 2880; baseline 0.002 -24"><span class='ocrx_word' id='word_1_195' title='bbox 343 2813 382 2858; x_wconf 84' lang='lat' dir='ltr'><strong>nt</strong></span> <span class='ocrx_word' id='word_1_196' title='bbox 401 2801 567 2860; x_wconf 85' lang='lat' dir='ltr'><strong>veneratio</strong></span> <span class='ocrx_word' id='word_1_197' title='bbox 591 2797 745 2880; x_wconf 86' lang='lat' dir='ltr'><strong>quaedam</strong></span> <span class='ocrx_word' id='word_1_198' title='bbox 770 2797 855 2856; x_wconf 88' lang='lat' dir='ltr'><strong>inest</strong></span> <span class='ocrx_word' id='word_1_199' title='bbox 875 2793 1081 2878; x_wconf 84' lang='lat' dir='ltr'><strong>antiquitati,</strong></span> <span class='ocrx_word' id='word_1_200' title='bbox 1112 2795 1154 2856; x_wconf 89' lang='lat' dir='ltr'><strong>ad</strong></span> <span class='ocrx_word' id='word_1_201' title='bbox 1179 2801 1344 2879; x_wconf 82' lang='lat' dir='ltr'><strong>mysterio·</strong></span> <span class='ocrx_word' id='word_1_202' title='bbox 1393 2801 1394 2820; x_wconf 66' lang='lat'>¹</span> 
     </span>
     <span class='ocr_line' id='line_1_29' title="bbox 343 2877 1394 2965; baseline 0.004 -23"><span class='ocrx_word' id='word_1_203' title='bbox 343 2903 413 2942; x_wconf 87' lang='lat' dir='ltr'><strong>rum</strong></span> <span class='ocrx_word' id='word_1_204' title='bbox 428 2904 544 2944; x_wconf 86' lang='lat' dir='ltr'><strong>arcana</strong></span> <span class='ocrx_word' id='word_1_205' title='bbox 556 2882 703 2944; x_wconf 84' lang='lat' dir='ltr'><strong>traducta</strong></span> <span class='ocrx_word' id='word_1_206' title='bbox 723 2903 772 2942; x_wconf 84' lang='lat' dir='ltr'><strong>res</strong></span> <span class='ocrx_word' id='word_1_207' title='bbox 791 2895 857 2952; x_wconf 72' lang='lat' dir='ltr'><strong>est,</strong></span> <span class='ocrx_word' id='word_1_208' title='bbox 882 2879 974 2962; x_wconf 87' lang='lat' dir='ltr'><strong>quasi</strong></span> <span class='ocrx_word' id='word_1_209' title='bbox 990 2899 1057 2940; x_wconf 90' lang='lat' dir='ltr'><strong>non</strong></span> <span class='ocrx_word' id='word_1_210' title='bbox 1073 2901 1114 2940; x_wconf 81' lang='lat' dir='ltr'><strong>ex</strong></span> <span class='ocrx_word' id='word_1_211' title='bbox 1127 2880 1208 2942; x_wconf 82' lang='lat' dir='ltr'><strong>artis</strong></span> <span class='ocrx_word' id='word_1_212' title='bbox 1224 2884 1345 2965; x_wconf 82' lang='lat' dir='ltr'><strong>imperi·</strong></span> <span class='ocrx_word' id='word_1_213' title='bbox 1393 2877 1394 2946; x_wconf 74' lang='lat' dir='ltr'><strong>l</strong></span> 
     </span>
     <span class='ocr_line' id='line_1_30' title="bbox 343 2963 1394 3045; baseline -0.002 -17"><span class='ocrx_word' id='word_1_214' title='bbox 343 2966 402 3040; x_wconf 85' lang='lat' dir='ltr'><strong>tia,</strong></span> <span class='ocrx_word' id='word_1_215' title='bbox 414 2966 468 3028; x_wconf 84' lang='lat' dir='ltr'><strong>sed</strong></span> <span class='ocrx_word' id='word_1_216' title='bbox 479 2990 632 3028; x_wconf 81' lang='lat' dir='ltr'><strong>exterum</strong></span> <span class='ocrx_word' id='word_1_217' title='bbox 644 2988 802 3027; x_wconf 84' lang='lat' dir='ltr'><strong>sacrarum</strong></span> <span class='ocrx_word' id='word_1_218' title='bbox 811 2963 993 3044; x_wconf 80' lang='lat' dir='ltr'><strong>disciplina,</strong></span> <span class='ocrx_word' id='word_1_219' title='bbox 1003 2983 1042 3023; x_wconf 88' lang='lat' dir='ltr'><strong>eo</strong></span> <span class='ocrx_word' id='word_1_220' title='bbox 1053 2983 1119 3045; x_wconf 90' lang='lat' dir='ltr'><strong>quo</strong></span> <span class='ocrx_word' id='word_1_221' title='bbox 1128 2965 1280 3028; x_wconf 78' lang='lat' dir='ltr'><strong>diximus</strong></span> <span class='ocrx_word' id='word_1_222' title='bbox 1288 2989 1345 3027; x_wconf 86' lang='lat' dir='ltr'><strong>mo·</strong></span> <span class='ocrx_word' id='word_1_223' title='bbox 1393 2973 1394 3044; x_wconf 49' lang='grc' dir='ltr'>ξ</span> 
     </span>
     <span class='ocr_line' id='line_1_31' title="bbox 346 3045 1394 3135; baseline -0.008 -23"><span class='ocrx_word' id='word_1_224' title='bbox 346 3047 389 3112; x_wconf 91' lang='lat' dir='ltr'><strong>do</strong></span> <span class='ocrx_word' id='word_1_225' title='bbox 405 3052 502 3134; x_wconf 88' lang='lat' dir='ltr'><strong>prisci</strong></span> <span class='ocrx_word' id='word_1_226' title='bbox 513 3051 646 3134; x_wconf 83' lang='lat' dir='ltr'><strong>opifices</strong></span> <span class='ocrx_word' id='word_1_227' title='bbox 658 3053 826 3112; x_wconf 85' lang='lat' dir='ltr'><strong>simulacra</strong></span> <span class='ocrx_word' id='word_1_228' title='bbox 835 3052 981 3110; x_wconf 86' lang='lat' dir='ltr'><strong>Deorum</strong></span> <span class='ocrx_word' id='word_1_229' title='bbox 990 3045 1192 3112; x_wconf 84' lang='lat' dir='ltr'><strong>effinxerint.</strong></span> <span class='ocrx_word' id='word_1_230' title='bbox 1212 3051 1250 3112; x_wconf 89' lang='lat' dir='ltr'><strong>ld</strong></span> <span class='ocrx_word' id='word_1_231' title='bbox 1259 3057 1345 3135; x_wconf 77' lang='lat' dir='ltr'><strong>quala</strong></span> <span class='ocrx_word' id='word_1_232' title='bbox 1393 3051 1394 3104; x_wconf 61' lang='lat' dir='ltr'><strong>i</strong></span> 
     </span>
     <span class='ocr_line' id='line_1_32' title="bbox 346 3129 1345 3220; baseline -0.004 -24"><span class='ocrx_word' id='word_1_233' title='bbox 346 3135 401 3210; x_wconf 81' lang='lat' dir='ltr'><strong>tit,</strong></span> <span class='ocrx_word' id='word_1_234' title='bbox 415 3138 544 3220; x_wconf 81' lang='lat' dir='ltr'><strong>egregio</strong></span> <span class='ocrx_word' id='word_1_235' title='bbox 555 3134 918 3207; x_wconf 83' lang='lat' dir='ltr'><strong>ostenditHcliodorus,</strong></span> <span class='ocrx_word' id='word_1_236' title='bbox 937 3129 1012 3192; x_wconf 80' lang='lat' dir='ltr'><strong>dunt</strong></span> <span class='ocrx_word' id='word_1_237' title='bbox 1022 3131 1345 3218; x_wconf 83' lang='lat' dir='ltr'><strong>insuisAetbiopicis</strong></span> 
     </span>
     <span class='ocr_line' id='line_1_33' title="bbox 345 3218 1345 3299; baseline -0.003 -19"><span class='ocrx_word' id='word_1_238' title='bbox 345 3219 480 3282; x_wconf 84' lang='lat' dir='ltr'><strong>Homeri</strong></span> <span class='ocrx_word' id='word_1_239' title='bbox 492 3228 598 3282; x_wconf 87' lang='lat' dir='ltr'><strong>locum</strong></span> <span class='ocrx_word' id='word_1_240' title='bbox 613 3221 687 3280; x_wconf 87' lang='lat' dir='ltr'><strong>libri</strong></span> <span class='ocrx_word' id='word_1_241' title='bbox 696 3218 817 3280; x_wconf 86' lang='lat' dir='ltr'><strong>Iliados</strong></span> <span class='ocrx_word' id='word_1_242' title='bbox 834 3241 874 3278; x_wconf 82' lang='lat' dir='ltr'><strong>ex</strong></span> <span class='ocrx_word' id='word_1_243' title='bbox 883 3237 968 3276; x_wconf 84' lang='lat' dir='ltr'><strong>sacra</strong></span> <span class='ocrx_word' id='word_1_244' title='bbox 979 3218 1222 3299; x_wconf 80' lang='lat' dir='ltr'><strong>Aegyptiorum</strong></span> <span class='ocrx_word' id='word_1_245' title='bbox 1233 3221 1345 3282; x_wconf 88' lang='lat' dir='ltr'><strong>doctri·</strong></span> 
     </span>
     <span class='ocr_line' id='line_1_34' title="bbox 346 3300 1344 3386; baseline -0.002 -22"><span class='ocrx_word' id='word_1_246' title='bbox 346 3323 386 3364; x_wconf 88' lang='lat' dir='ltr'><strong>na</strong></span> <span class='ocrx_word' id='word_1_247' title='bbox 402 3310 575 3386; x_wconf 82' lang='lat' dir='ltr'><strong>explanare</strong></span> <span class='ocrx_word' id='word_1_248' title='bbox 590 3319 731 3367; x_wconf 87' lang='lat' dir='ltr'><strong>conatus</strong></span> <span class='ocrx_word' id='word_1_249' title='bbox 741 3317 805 3374; x_wconf 71' lang='lat' dir='ltr'><strong>est,</strong></span> <span class='ocrx_word' id='word_1_250' title='bbox 830 3300 1038 3364; x_wconf 80' lang='lat' dir='ltr'><strong>Calasiridctn</strong></span> <span class='ocrx_word' id='word_1_251' title='bbox 1052 3301 1141 3362; x_wconf 86' lang='lat' dir='ltr'><strong>enim</strong></span> <span class='ocrx_word' id='word_1_252' title='bbox 1155 3303 1242 3366; x_wconf 86' lang='lat' dir='ltr'><strong>libro</strong></span> <span class='ocrx_word' id='word_1_253' title='bbox 1258 3305 1344 3366; x_wconf 85' lang='lat' dir='ltr'><strong>tertio</strong></span> 
     </span>
     <span class='ocr_line' id='line_1_35' title="bbox 347 3383 1345 3472; baseline -0.001 -24"><span class='ocrx_word' id='word_1_254' title='bbox 347 3387 478 3460; x_wconf 83' lang='lat' dir='ltr'><strong>inducit</strong></span> <span class='ocrx_word' id='word_1_255' title='bbox 492 3388 823 3472; x_wconf 83' lang='lat' dir='ltr'><strong>daDiisloqucntnm,</strong></span> <span class='ocrx_word' id='word_1_256' title='bbox 848 3385 903 3470; x_wconf 91' lang='lat' dir='ltr'><strong>qui</strong></span> <span class='ocrx_word' id='word_1_257' title='bbox 918 3383 1190 3448; x_wconf 86' lang='lat' dir='ltr'><strong>seseinbomincs</strong></span> <span class='ocrx_word' id='word_1_258' title='bbox 1200 3391 1345 3451; x_wconf 80' lang='lat' dir='ltr'><strong>transfor·</strong></span> 
     </span>
     <span class='ocr_line' id='line_1_36' title="bbox 346 3468 1346 3557; baseline -0.005 -20"><span class='ocrx_word' id='word_1_259' title='bbox 346 3487 446 3548; x_wconf 77' lang='lat' dir='ltr'><strong>morit,</strong></span> <span class='ocrx_word' id='word_1_260' title='bbox 464 3473 516 3532; x_wconf 86' lang='lat' dir='ltr'><strong>sed</strong></span> <span class='ocrx_word' id='word_1_261' title='bbox 529 3495 585 3534; x_wconf 88' lang='lat' dir='ltr'><strong>eos</strong></span> <span class='ocrx_word' id='word_1_262' title='bbox 601 3475 727 3536; x_wconf 86' lang='lat' dir='ltr'><strong>facilen</strong></span> <span class='ocrx_word' id='word_1_263' title='bbox 743 3470 939 3554; x_wconf 76' lang='lat' dir='ltr'><strong>sapientibus</strong></span> <span class='ocrx_word' id='word_1_264' title='bbox 950 3468 1099 3553; x_wconf 86' lang='lat' dir='ltr'><strong>dignosci</strong></span> <span class='ocrx_word' id='word_1_265' title='bbox 1114 3471 1174 3543; x_wconf 85' lang='lat' dir='ltr'><strong>ait,</strong></span> <span class='ocrx_word' id='word_1_266' title='bbox 1190 3495 1346 3557; x_wconf 79' lang='lat' dir='ltr'><strong>aequara-</strong></span> 
     </span>
     <span class='ocr_line' id='line_1_37' title="bbox 350 3551 1346 3644; baseline 0 -26"><span class='ocrx_word' id='word_1_267' title='bbox 350 3557 483 3620; x_wconf 88' lang='lat' dir='ltr'><strong>tioneid</strong></span> <span class='ocrx_word' id='word_1_268' title='bbox 499 3557 567 3618; x_wconf 88' lang='lat' dir='ltr'><strong>fieri</strong></span> <span class='ocrx_word' id='word_1_269' title='bbox 579 3574 686 3644; x_wconf 87' lang='lat' dir='ltr'><strong>queat,</strong></span> <span class='ocrx_word' id='word_1_270' title='bbox 711 3559 755 3617; x_wconf 87' lang='lat' dir='ltr'><strong>ita</strong></span> <span class='ocrx_word' id='word_1_271' title='bbox 766 3556 909 3616; x_wconf 74' lang='lat' dir='ltr'><strong>disserit:</strong></span> <span class='ocrx_word' id='word_1_272' title='bbox 932 3551 1305 3641; x_wconf 63' lang='lat' dir='ltr'><strong>oilloiroictto&#39;qdaluoig</strong></span> <span class='ocrx_word' id='word_1_273' title='bbox 1316 3557 1346 3620; x_wconf 69' lang='grc' dir='ltr'><strong>ἑν</strong></span> 
     </span>
     <span class='ocr_line' id='line_1_38' title="bbox 347 3633 1345 3726; baseline -0.002 -20"><span class='ocrx_word' id='word_1_274' title='bbox 347 3642 737 3726; x_wconf 70' lang='grc' dir='ltr'><strong>γνωσθεῖενάτειέςδιόὶνυ</strong></span> <span class='ocrx_word' id='word_1_275' title='bbox 753 3645 925 3723; x_wconf 61' lang='grc' dir='ltr'><strong>βλέποντες,</strong></span> <span class='ocrx_word' id='word_1_276' title='bbox 949 3645 1002 3705; x_wconf 74' lang='lat' dir='ltr'><strong>ani</strong></span> <span class='ocrx_word' id='word_1_277' title='bbox 1015 3633 1053 3706; x_wconf 75' lang='grc' dir='ltr'><strong>τδ</strong></span> <span class='ocrx_word' id='word_1_278' title='bbox 1067 3643 1230 3726; x_wconf 66' lang='grc' dir='ltr'><em>βλέφαρον</em></span> <span class='ocrx_word' id='word_1_279' title='bbox 1244 3647 1345 3711; x_wconf 76' lang='grc' dir='ltr'><em>οὔποτε</em></span> 
     </span>
     <span class='ocr_line' id='line_1_39' title="bbox 347 3719 1346 3810; baseline -0.002 -16"><span class='ocrx_word' id='word_1_280' title='bbox 347 3726 545 3809; x_wconf 63' lang='lat' dir='ltr'><strong>taeniense,</strong></span> <span class='ocrx_word' id='word_1_281' title='bbox 575 3735 627 3794; x_wconf 76' lang='lat' dir='ltr'><strong>nni</strong></span> <span class='ocrx_word' id='word_1_282' title='bbox 648 3731 689 3810; x_wconf 81' lang='grc' dir='ltr'><strong>τῷ</strong></span> <span class='ocrx_word' id='word_1_283' title='bbox 708 3733 876 3809; x_wconf 64' lang='grc' dir='ltr'><strong><em>βαδίσματι</em></strong></span> <span class='ocrx_word' id='word_1_284' title='bbox 895 3729 1006 3800; x_wconf 70' lang='grc' dir='ltr'><em>πλέον,</em></span> <span class='ocrx_word' id='word_1_285' title='bbox 1037 3719 1075 3792; x_wconf 72' lang='grc' dir='ltr'><strong>οὗ</strong></span> <span class='ocrx_word' id='word_1_286' title='bbox 1096 3728 1176 3792; x_wconf 67' lang='lat' dir='ltr'><strong>warni</strong></span> <span class='ocrx_word' id='word_1_287' title='bbox 1190 3727 1346 3794; x_wconf 67' lang='lat' dir='ltr'><strong>decimant!</strong></span> 
     </span>
     <span class='ocr_line' id='line_1_40' title="bbox 348 3807 1344 3896; baseline -0.001 -19"><span class='ocrx_word' id='word_1_288' title='bbox 348 3817 412 3878; x_wconf 78' lang='grc' dir='ltr'><em>τοῖν</em></span> <span class='ocrx_word' id='word_1_289' title='bbox 433 3819 539 3880; x_wconf 79' lang='grc' dir='ltr'><em>ποδοῖν</em></span> <span class='ocrx_word' id='word_1_290' title='bbox 548 3865 559 3892; x_wconf 88' lang='lat'><strong>,</strong></span> <span class='ocrx_word' id='word_1_291' title='bbox 588 3812 659 3880; x_wconf 74' lang='grc' dir='ltr'><strong>οὐδὲ</strong></span> <span class='ocrx_word' id='word_1_292' title='bbox 681 3811 850 3896; x_wconf 70' lang='lat' dir='ltr'><strong>pratillum</strong></span> <span class='ocrx_word' id='word_1_293' title='bbox 875 3807 1048 3894; x_wconf 71' lang='grc' dir='ltr'><em>ἇνυομένῳ,</em></span> <span class='ocrx_word' id='word_1_294' title='bbox 1081 3809 1161 3876; x_wconf 72' lang='lat' dir='ltr'><strong>cilici</strong></span> <span class='ocrx_word' id='word_1_295' title='bbox 1180 3813 1261 3880; x_wconf 70' lang='lat' dir='ltr'><strong>antri</strong></span> <span class='ocrx_word' id='word_1_296' title='bbox 1285 3839 1344 3878; x_wconf 71' lang='lat' dir='ltr'><strong>aava</strong></span> 
     </span>
    </p>
   </div>
   <div class='ocr_carea' id='block_1_3' title="bbox 315 3893 1346 4238">
    <p class='ocr_par' dir='ltr' id='par_1_4' title="bbox 315 3893 1346 4238">
     <span class='ocr_line' id='line_1_41' title="bbox 348 3893 1346 3982; baseline -0.004 -18"><span class='ocrx_word' id='word_1_297' title='bbox 348 3900 448 3982; x_wconf 70' lang='grc' dir='ltr'><em>ῥύμην</em></span> <span class='ocrx_word' id='word_1_298' title='bbox 463 3897 582 3980; x_wconf 65' lang='lat' dir='ltr'><strong>debeor,</strong></span> <span class='ocrx_word' id='word_1_299' title='bbox 612 3903 665 3964; x_wconf 73' lang='grc' dir='ltr'><strong>καὶ</strong></span> <span class='ocrx_word' id='word_1_300' title='bbox 682 3897 777 3977; x_wconf 71' lang='grc' dir='ltr'><em>ὁρμήν</em></span> <span class='ocrx_word' id='word_1_301' title='bbox 792 3893 1062 3981; x_wconf 70' lang='grc' dir='ltr'><em>ἀπαραπόδιστον,</em></span> <span class='ocrx_word' id='word_1_302' title='bbox 1090 3896 1260 3978; x_wconf 68' lang='grc' dir='ltr'><em>τεμνόντων</em></span> <span class='ocrx_word' id='word_1_303' title='bbox 1274 3901 1346 3980; x_wconf 74' lang='lat' dir='ltr'><strong>pail·</strong></span> 
     </span>
     <span class='ocr_line' id='line_1_42' title="bbox 348 3977 1345 4068; baseline -0.005 -20"><span class='ocrx_word' id='word_1_304' title='bbox 348 3992 401 4050; x_wconf 79' lang='grc' dir='ltr'><strong>λον</strong></span> <span class='ocrx_word' id='word_1_305' title='bbox 415 3981 448 4048; x_wconf 76' lang='lat' dir='ltr'><strong>cti</strong></span> <span class='ocrx_word' id='word_1_306' title='bbox 464 4011 532 4066; x_wconf 69' lang='lat' dir='ltr'><strong>nent</strong></span> <span class='ocrx_word' id='word_1_307' title='bbox 545 3989 622 4066; x_wconf 63' lang='lat' dir='ltr'><strong>¹lov,</strong></span> <span class='ocrx_word' id='word_1_308' title='bbox 644 3983 665 4060; x_wconf 74' lang='grc' dir='ltr'><em>ἢ</em></span> <span class='ocrx_word' id='word_1_309' title='bbox 679 3985 948 4067; x_wconf 69' lang='grc' dir='ltr'><strong>διαπορευομένων.</strong></span> <span class='ocrx_word' id='word_1_310' title='bbox 971 3978 1019 4045; x_wconf 64' lang='grc' dir='ltr'><strong>ὄνθ’</strong></span> <span class='ocrx_word' id='word_1_311' title='bbox 1033 3978 1072 4057; x_wconf 69' lang='grc' dir='ltr'><em>δὴ</em></span> <span class='ocrx_word' id='word_1_312' title='bbox 1086 3986 1141 4046; x_wconf 75' lang='grc' dir='ltr'><strong>καῖ</strong></span> <span class='ocrx_word' id='word_1_313' title='bbox 1156 3983 1194 4047; x_wconf 72' lang='grc' dir='ltr'><strong>τά</strong></span> <span class='ocrx_word' id='word_1_314' title='bbox 1210 3977 1345 4068; x_wconf 71' lang='lat' dir='ltr'><strong>ciydlpn-</strong></span> 
     </span>
     <span class='ocr_line' id='line_1_43' title="bbox 315 4062 1345 4150; baseline -0.003 -18"><span class='ocrx_word' id='word_1_315' title='bbox 315 4101 317 4108; x_wconf 95' lang='lat'>·</span> <span class='ocrx_word' id='word_1_316' title='bbox 348 4095 387 4132; x_wconf 80' lang='lat' dir='ltr'><strong>an</strong></span> <span class='ocrx_word' id='word_1_317' title='bbox 412 4070 473 4134; x_wconf 73' lang='lat' dir='ltr'><strong>tuin</strong></span> <span class='ocrx_word' id='word_1_318' title='bbox 496 4069 580 4134; x_wconf 69' lang='grc' dir='ltr'><strong>θεῶν</strong></span> <span class='ocrx_word' id='word_1_319' title='bbox 599 4067 765 4150; x_wconf 70' lang='grc' dir='ltr'><strong>Αἰγύπτιοι</strong></span> <span class='ocrx_word' id='word_1_320' title='bbox 787 4064 831 4132; x_wconf 79' lang='lat' dir='ltr'><strong>roi</strong></span> <span class='ocrx_word' id='word_1_321' title='bbox 855 4062 929 4131; x_wconf 78' lang='grc' dir='ltr'><strong>πόδε</strong></span> <span class='ocrx_word' id='word_1_322' title='bbox 957 4065 1147 4149; x_wconf 72' lang='grc' dir='ltr'><strong>ζευγνύντες,</strong></span> <span class='ocrx_word' id='word_1_323' title='bbox 1176 4075 1232 4134; x_wconf 65' lang='lat' dir='ltr'><strong>aar*</strong></span> <span class='ocrx_word' id='word_1_324' title='bbox 1252 4072 1345 4148; x_wconf 63' lang='lat' dir='ltr'><strong>disq</strong></span> 
     </span>
     <span class='ocr_line' id='line_1_44' title="bbox 349 4150 1345 4238; baseline 0.001 -21"><span class='ocrx_word' id='word_1_325' title='bbox 349 4155 486 4228; x_wconf 74' lang='grc' dir='ltr'><strong>ἐνοῡντες</strong></span> <span class='ocrx_word' id='word_1_326' title='bbox 501 4155 631 4226; x_wconf 72' lang='grc' dir='ltr'><strong>ἱστᾶσιν.</strong></span> <span class='ocrx_word' id='word_1_327' title='bbox 656 4151 677 4217; x_wconf 82' lang='lat' dir='ltr'><strong>ii</strong></span> <span class='ocrx_word' id='word_1_328' title='bbox 696 4151 735 4230; x_wconf 74' lang='lat' dir='ltr'><strong>dri</strong></span> <span class='ocrx_word' id='word_1_329' title='bbox 750 4151 952 4234; x_wconf 72' lang='grc' dir='ltr'><em>καὶΌμηρος</em></span> <span class='ocrx_word' id='word_1_330' title='bbox 972 4150 1077 4232; x_wconf 68' lang='grc' dir='ltr'><strong>εἰδοῖς,</strong></span> <span class='ocrx_word' id='word_1_331' title='bbox 1105 4154 1161 4220; x_wconf 73' lang='grc' dir='ltr'><strong>ὅτε</strong></span> <span class='ocrx_word' id='word_1_332' title='bbox 1173 4155 1345 4238; x_wconf 71' lang='grc' dir='ltr'><strong>Αἰγύπτιος,</strong></span> 
     </span>
    </p>
   </div>
   <div class='ocr_carea' id='block_1_4' title="bbox 0 0 1430 5012">
    <p class='ocr_par' dir='ltr' id='par_1_5' title="bbox 0 0 1430 5012">
     <span class='ocr_line' id='line_1_45' title="bbox 0 0 1430 5012; baseline 0 0"><span class='ocrx_word' id='word_1_333' title='bbox 0 0 1430 5012; x_wconf 95' lang='lat' dir='ltr'><strong> </strong></span> 
     </span>
    </p>
   </div>
  </div>
 </body>
</html>
