2886 5022
253 467 256 474 ·
311 451 613 518 THEOCRITI
644 452 919 526 IDYLLION
951 455 1039 525 ΧΠ.
1140 457 1204 528 531

142 621 232 690 Nam
247 622 307 690 etsi
324 625 438 713 aliqua
449 626 487 694 in
499 649 539 694 re
551 647 609 692 me
621 625 771 708 laeseris,
793 625 906 692 stetim
920 626 1090 714 satisfacis,
1182 678 1185 706 ,

144 727 189 792 Et
201 727 306 815 duplo
320 729 435 811 iuvas,
457 741 560 817 utque
572 751 650 796 eum
663 730 813 796 auctario
830 729 975 806 discedo.

229 827 339 895 Nissei
352 831 580 918 Megarenses,
601 830 660 918 qui
679 843 752 898 arte
765 831 953 919 remigandi
965 834 1150 922 praestetis,

145 927 274 996 Felices
292 931 467 1018 habitetis,
488 933 641 1004 Atticum
655 933 747 1021 quod
763 933 890 1000 eximio

145 1031 322 1121 Hospitem
337 1034 464 1104 honore
479 1035 623 1104 ornastis
637 1035 788 1102 Dioclem
803 1057 988 1123 puerorum
1003 1040 1159 1110 amicum.

147 1133 291 1224 Semper
306 1131 394 1204 circa
407 1139 497 1206 illius
510 1125 681 1204 tumulum
695 1139 887 1224 congregati
901 1161 980 1205 vere
993 1140 1105 1231 primo
1192 1161 1193 1166 ’

147 1237 250 1304 Pueri
265 1251 395 1306 certant
408 1239 512 1306 osculi
528 1237 680 1326 praemia
695 1250 888 1326 reportares

149 1339 290 1428 Quique
304 1341 505 1432 applicuerit
516 1339 648 1408 dulcius
660 1341 762 1408 labris
774 1341 878 1426 inbre,

148 1512 357 1533 m

214 1603 369 1687 Apellen.
392 1603 459 1667 nh.
473 1605 517 1668 Π.
532 1599 601 1684 747.
631 1605 772 1678 Νισαία,
802 1603 935 1672 ἐπίνειον
947 1603 1012 1672 ’ταῖν
1024 1606 1207 1694 Μεγαρέων.

214 1689 317 1753 Strab.
330 1691 390 1754 IX.
398 1713 430 1774 p.
440 1691 512 1778 599.
523 1689 589 1752 vid.
599 1688 745 1766 Siebelis.
759 1687 802 1750 ad
809 1691 938 1756 Hellen.
954 1713 987 1774 p.
1000 1691 1068 1755 162·
1091 1697 1210 1760 Kieasl.

111 1897 116 1904 .
174 1839 225 1908 28.
248 1862 299 1932 29·
320 1849 460 1914 οἶκείαιτε
472 1843 613 1908 Bruncls.
632 1867 703 1905 cnm
725 1841 850 1930 aliquot
864 1841 957 1906 codd.
973 1843 1146 1930 Vulgarum
1163 1850 1213 1915 οἰ..1

194 1931 318 2008 'solers
343 1928 434 1992 'dedit
454 1945 488 1991 et
508 1930 685 2014 genuinum
707 1949 773 1994 esse
795 1944 905 1990 censet
923 1927 1035 1991 Valck.
1057 1931 1213 2016 [Aliquot

216 2013 287 2080 cdd.
310 2019 468 2091 circione,
498 2013 686 2076 Schellersh·
708 2011 865 2096 sissima]
887 2049 922 2062 -
950 2017 1099 2100 περίαλλα
1115 2017 1211 2096 ξεῖνον

215 2095 404 2182 ἐτιμήσασθε
423 2107 492 2184 (pro
515 2104 649 2183 vulgato
674 2101 747 2185 πέρι
768 2099 868 2166 ἄλλων
888 2101 990 2175 ξείνων
1009 2096 1212 2186 repenarde),

218 2184 485 2266 quemadmodum
505 2182 675 2269 legendum
698 2205 764 2246 esse
785 2183 939 2245 viderunt
961 2185 1024 2243 inm
1039 2186 1211 2248 Salmasius

217 2283 250 2330 et
264 2270 381 2354 partim
393 2271 438 2332 D.
454 2269 609 2330 Heinsius
635 2291 676 2332 ex
696 2268 766 2329 cdd.
787 2266 976 2352 quibusdam
995 2269 1214 2354 [consentien-

217 2355 304 2416 tibus
317 2351 507 2417 Schellersh.
522 2367 554 2414 et
569 2355 717 2415 Toletan.
734 2368 813 2416 teste
831 2351 985 2429 Schotto,
1014 2351 1148 2422 Observ.
1167 2355 1213 2417 Π.

218 2433 271 2504 46.
297 2437 363 2500 vid.
384 2437 547 2501 Hoelzlin.
571 2436 612 2498 ad
633 2439 785 2521 Apollon.
807 2435 873 2499 Rh.
895 2437 935 2498 11.
957 2439 1214 2520 217.]Valclseu.

219 2539 252 2586 et
272 2523 465 2586 Brunclsius.
484 2527 633 2604 περίαλλα
655 2536 701 2582 est
725 2525 855 2594 eximin
882 2543 913 2582 v.
936 2522 1097 2604 Koppiers
1119 2523 1214 2588 obss.

218 2608 301 2694 phil.
322 2631 355 2691 p.
372 2607 425 2692 73.
445 2641 485 2658 -·
505 2607 561 2668 De
575 2606 695 2667 Diocle
708 2605 787 2666 haec
805 2607 872 2667 fere
888 2605 1083 2666 Scholiastes
1099 2605 1215 2670 habet:

220 2693 251 2760 Is
265 2715 362 2780 quum
381 2691 517 2755 Athenis
532 2693 698 2775 Megaram
718 2689 875 2774 fugisset,
909 2687 944 2748 iu
964 2690 1091 2772 proelio
1107 2691 1218 2754 fortis·

182 2821 186 2832 -
220 2779 300 2840 sime
315 2777 494 2863 pugnavit,
517 2775 712 2838 etamasium
726 2772 884 2860 quendam
898 2773 1136 2854 periclitantem
1151 2781 1218 2859 cly-
1279 2801 1283 2816 ·

220 2885 282 2946 peo
296 2876 450 2948 protento
464 2860 618 2936 serravit,
644 2857 712 2942 ipse
727 2873 832 2920 autem
845 2857 954 2942 periit.
983 2857 1056 2942 Qus
1072 2857 1111 2922 de
1124 2883 1219 2924 causa

221 2949 431 3034 Megarenses
452 2968 524 3009 eum
545 2945 679 3006 heroum
702 2965 835 3004 numero
857 2941 1103 3026 adscripserunt.
1127 2945 1218 3030 Qu'm

159 3029 163 3035 ’
224 3033 260 3092 iu
280 3033 350 3094 eius
369 3031 552 3092 memoriam
566 3027 660 3092 ludos
675 3028 905 3102 instituerunt,
936 3030 1086 3090 Diocleia
1100 3029 1217 3108 dictos,

224 3115 404 3202 quotannis
425 3114 529 3200 primo
548 3136 622 3176 vere
646 3109 871 3188 celebrandos,
903 3113 938 3172 in
954 3113 1070 3197 quibus
1085 3116 1222 3182 tonsori

223 3200 375 3287 pueri'de
390 3199 508 3262 osculis
527 3211 703 3274 certarent,
728 3210 764 3262 vt
780 3197 837 3282 qui
860 3197 1046 3259 suavissime
1060 3203 1220 3264 osculatus

171 3353 177 3362 ,
224 3302 325 3364 esset,
358 3307 418 3369 pro
438 3284 562 3346 victore
586 3297 804 3345 coronaretur.
838 3281 931 3343 Adde
951 3283 1147 3346 Wartouum
1176 3289 1238 3368 [et'

162 3383 169 3391 '
227 3371 456 3446 Welclserum,
479 3391 511 3472 p.
528 3365 579 3455 59.
596 3368 666 3454 sq.].
697 3369 793 3429 Harl.

182 3504 235 3572 52.
259 3510 313 3572 Ex
330 3504 395 3566 hoc
422 3522 517 3565 versu
535 3502 682 3566 Iulianus
706 3502 740 3563 iu
760 3501 927 3588 Misopog.
945 3526 979 3588 p.
1005 3501 1078 3570 558.
1102 3506 1221 3590 Spsnh.

228 3588 415 3674 (Opfflaris.
424 3589 458 3650 P.
467 3591 510 3650 11.
518 3609 551 3671 p.
559 3584 631 3662 58.)
638 3587 752 3649 sumsit
766 3587 860 3650 verbs
869 3596 1101 3672 ylzmspurs'posr
1107 3598 1224 3674 χείλεσι

225 3681 312 3764 χείλη
320 3665 538 3756 πρασμᾶττειν.
558 3670 842 3756 Add.Bi0n.L44.
859 3689 891 3734 et
905 3675 940 3733 in
948 3676 1038 3737 Erot.
1047 3677 1095 3738 Μ.
1104 3677 1227 3760 Argen·

227 3759 306 3824 rarii
315 3779 442 3821 carmen
450 3758 502 3820 tv.
517 3755 652 3833 (lacobs.
668 3755 803 3818 Anthol.
812 3780 857 3842 gr.
873 3762 908 3820 T.
923 3760 964 3820 ll.
979 3781 1010 3842 p.
1025 3760 1112 3842 altr.)
1125 3769 1227 3844 χείλεα

228 3851 263 3915 δὲ
286 3847 439 3946 γλακεροῖς
458 3847 574 3945 χείλεος
596 3843 773 3942 ξυμπάσας.
804 3841 898 3952 idyll.
919 3843 988 3907 XX.
1005 3844 1047 3947 ’43
1060 3877 1102 3946 τ
1124 3845 1227 3909 Versu

231 4098 316 4163 ford.
337 4099 374 4162 iu
397 4095 512 4184 quibus
535 4109 584 4158 est
603 4099 657 4172 εἰς.
677 4099 777 4181 vulgo
801 4092 901 4179 πρός]
924 4098 1053 4180 scripsit
1074 4097 1229 4160 Valcken.

228 4186 326 4248 Harl.
