2816 5014
245 379 550 450 THEOCIIITI
581 384 861 448 IDYLLION
894 385 945 450 II.
1097 385 1136 472 87

112 551 205 620 Vide
222 574 373 620 amorem
387 577 513 638 meum,
535 555 623 622 vnde
634 555 780 638 venerit,
802 555 1110 624 venerandaLuna.
1147 639 1152 648 ,

18 689 19 712 1
74 656 114 721 Et
130 667 172 720 vt
189 655 270 738 vidi,
292 667 331 721 vt
344 655 483 738 insumi,
505 669 545 722 vt
558 681 652 724 meus
665 658 797 748 penitus
814 669 863 724 est
879 658 1013 724 animus
1027 661 1132 724 laesus

18 795 19 804 .
74 755 233 825 Miserae:
272 772 429 825 venustas
458 760 705 844 marcescebat,
741 783 849 847 neque
877 760 1064 851 quidquam
1090 759 1133 825 ad

654 886 815 954 pompam

75 964 168 1029 illam
183 963 337 1030 animum
351 963 499 1050 adverti,
521 990 582 1034 nec
596 969 654 1055 qui
669 968 809 1032 domum
823 965 992 1049 redierim,

75 1065 173 1130 Novi:
196 1065 254 1132 sed
267 1089 324 1130 me
336 1067 473 1134 morbus
488 1069 611 1136 ardeus
626 1069 827 1134 consumsits

18 1249 19 1258 ἵ
76 1167 324 1248 Decumbebam
340 1170 376 1236 iu
390 1171 476 1236 lecto
495 1171 611 1238 decem
626 1173 696 1240 dies
720 1183 754 1236 et
768 1171 884 1239 decem
900 1181 1025 1236 noctes.

18 1263 19 1266 ¹
116 1270 201 1338 Vide
215 1293 369 1336 amorem
384 1294 509 1351 meum,
531 1275 623 1340 vnde
637 1275 779 1356 venerit,
795 1275 988 1339 veneranda
1000 1271 1110 1337 Luna.

18 1391 19 1430 t
79 1369 120 1438 Et
131 1373 214 1438 cutia
227 1395 306 1439 mea
319 1371 435 1442 similia
446 1373 547 1444 fiebat
557 1399 697 1465 prorsus
710 1377 845 1468 thapsa:

138 1643 210 1723 napi
230 1634 335 1722 θυμδς
358 1635 471 1722 λα’φθη.
500 1643 633 1723 luteast]
663 1645 702 1704 Iu
729 1664 810 1706 vers.
837 1663 904 1725 seq.
927 1633 1019 1707 noddd
1036 1665 1067 1704 n
1088 1658 1129 1699 ex

18 1787 19 1790 ξ
139 1722 332 1806 quibusdam
355 1724 425 1789 cdd.
440 1739 473 1787 et
486 1725 547 1787 Ed.
562 1728 636 1788 Ald.
649 1728 813 1812 rescripsit
833 1725 973 1788 Brunok.
990 1721 1016 1790 κ’
1029 1724 1130 1822 odem

141 1807 209 1874 cod.
223 1809 312 1893 Aug.
326 1809 383 1869 alii
398 1810 490 1872 aliter
509 1810 594 1894 apud
607 1811 738 1874 Reiske.
761 1813 858 1874 Harl.
891 1811 1042 1910 .[Recep1
1056 1829 1127 1868 cum

136 1893 310 1954 Schaefero
337 1894 495 1956 Brunckii
517 1897 708 1974 lectionem,
744 1918 824 1982 quae
844 1917 937 1956 vmce
960 1914 1034 1954 vera
1061 1905 1126 1964 est;

18 1963 19 2058 ff
138 1999 211 2040 nam
232 2000 275 2039 ne
290 1993 440 2062 coeperat
453 1979 584 2064 quidem
605 1981 765 2044 Simaetha
780 1981 821 2042 ad
843 1977 938 2042 ludos
954 1975 1130 2038 attendere.

18 2069 19 2090 ³
139 2060 252 2124 Kib'ssl.

104 2141 147 2212 35.
168 2066 295 2232 suaviori
315 2145 430 2294 ”qu
445 2151 572 2234 poetice
594 2167 735 2237 apteque
756 2151 906 2213 innuitur
930 2171 1019 2232 amor
1032 2145 1130 2208 vehe-

139 2255 244 2308 mens,
268 2235 325 2320 qui
341 2257 410 2296 mor
433 2236 444 2294 i
465 2235 608 2298 ardentis
629 2238 728 2300 instar
750 2257 866 2319 corpus
886 2233 1054 2319 paullatim
1076 2230 1130 2290 ab·

18 2319 19 2392 s
139 2318 247 2380 sumit.
291 2317 438 2402 Καπυρδς
463 2320 630 2383 descendit
659 2345 700 2384 ex
727 2335 833 2384 mente
862 2321 1130 2382 nonnulloruma

138 2409 239 2471 misas
252 2420 286 2468 et
299 2407 427 2486 πυροῧν.
455 2405 530 2466 vide
545 2412 638 2488 plura
654 2407 694 2468 de
709 2406 905 2490 etymologia
920 2419 952 2466 et
968 2413 1130 2486 potestate

138 2487 236 2550 huius
249 2490 401 2552 vocabuli
424 2488 509 2573 apud
523 2493 682 2568 Modum„
704 2496 928 2575 Iungermann.
953 2503 986 2550 et
1004 2483 1129 2547 Boden.

140 2573 178 2635 ad
194 2576 307 2660 Longi
325 2575 501 2639 Pastoralia
518 2596 551 2656 p.
568 2574 637 2638 148.
652 2597 720 2662 sqq.
736 2589 770 2634 at
791 2576 904 2635 confer
919 2574 1015 2634 etiam
1030 2571 1070 2630 V.
1087 2571 1129 2630 D.

140 2661 172 2720 in
188 2660 286 2722 Nova
305 2659 383 2724 bibl.
394 2659 511 2744 philol.
527 2663 591 2720 vol.
608 2659 781 2741 111.p.4n.
797 2658 892 2718 docte
911 2656 1130 2738 disputantem

141 2760 252 2806 contra
271 2743 395 2807 Boden.
416 2779 461 2793 -·-
488 2743 591 2806 Initio
610 2765 721 2806 versus
744 2743 895 2806 Koehler.
915 2738 945 2824 μ’
965 2741 1058 2823 ἐγλων
1079 2758 1130 2796 au·

18 2835 19 2910 J
139 2832 300 2913 spiratur,
323 2845 357 2890 et
373 2851 499 2890 versum
513 2845 700 2912 sequentem
721 2827 867 2914 spurium
880 2847 948 2887 ease
963 2836 1066 2906 putat.
1087 2852 1132 2868 ·-
1168 2847 1171 2854 ¹

139 2912 317 2993 ἐξαλάπαξε,
338 2917 530 2990 exinanivit,
553 2914 711 2996 tabefecit,
737 2930 785 2977 est
804 2911 999 2976 vocabulum
1011 2909 1130 2968 Home·

138 3002 251 3060 sicum.
274 2998 349 3060 vide
361 2999 506 3074 Dammii
519 2999 668 3061 Lexicon
683 3021 832 3084 graecum
845 3019 878 3080 p.
891 2993 979 3079 1349.
997 3007 1029 3054 st
1042 3009 1131 3089 prae·

138 3083 271 3146 ferenda
286 3097 332 3146 est
347 3083 425 3144 haec
439 3084 539 3146 lectio
562 3083 666 3160 alteri,
690 3105 784 3168 quam
799 3081 986 3144 scholiastes
997 3087 1129 3160 repent,

139 3167 317 3248 ἐξάλλαξεν,
333 3189 466 3248 proram
481 3173 673 3230 immutavit.
695 3171 793 3228 Harl.
840 3161 989 3250 [Kampoi
1006 3179 1129 3242 compa·

140 3270 191 3315 rat
210 3253 415 3314 Hermannus
438 3253 474 3312 in
493 3253 578 3313 libro
597 3251 637 3314 de
659 3251 783 3314 emend.
804 3259 863 3314 rat.
887 3273 934 3336 gr.
957 3271 1002 3334 gr.
1024 3269 1056 3328 p.
1076 3247 1128 3342 59·

141 3361 216 3400 cum
236 3335 366 3403 κάπετον
387 3335 481 3399 Pind.
504 3337 556 3398 01.
572 3339 663 3413 VIII,
687 3338 739 3401 50.
758 3352 791 3398 et
810 3342 948 3422 κὰβαλμω
966 3333 1130 3392 Alcmams
1192 3356 1200 3366 ·

139 3421 228 3507 apud
241 3421 477 3503 Hephaestion.
491 3444 524 3504 p.
538 3419 592 3487 44.
614 3422 659 3496 (in
675 3420 754 3485 edit.
769 3423 881 3506 fragm.
898 3413 1061 3480 Alcmanis
1076 3435 1130 3474 cu·

139 3524 209 3570 rata
237 3529 255 3568 a
282 3505 441 3568 Welkero
463 3529 495 3588 p.
515 3507 567 3570 50.
587 3509 661 3592 sq).
698 3506 844 3568 Graefius
866 3527 899 3590 p.
923 3503 970 3568 15·
983 3499 1133 3646 praefert

140 3590 312 3672 ἐξάλλαξεν.
344 3591 480 3654 Homeri
500 3591 791 3674 certeauctoritas,
816 3589 938 3676 inquit,
963 3609 980 3648 a
1023 3581 1132 3644 defen·

142 3677 283 3740 dandum
304 3673 486 3754 ἐξαλάπαξεν
505 3675 569 3737 hoc
585 3699 672 3740 nexu
689 3697 756 3738 non
772 3677 871 3738 facit:
894 3696 967 3734 nam
981 3666 1071 3730 aliud
1086 3679 1134 3728 est

142 3758 331 3840 ἐξαλαπάξαι
349 3761 477 3838 vrbem,
513 3759 603 3822 aliud
624 3763 759 3824 formam
778 3761 959 3822 humanam.
1003 3753 1135 3835 Optime

18 3867 19 3870 ’
142 3867 220 3910 vero
236 3869 308 3908 cum
323 3841 483 3925 ἐξάλλαξεν
503 3845 653 3909 cohaeret
665 3867 711 3908 vs.
726 3853 779 3920 83.
822 3841 954 3926 Κίεεελ]

18 3965 19 3984 ³
107 3943 151 4012 88.
174 3946 290 4034 θάψω]
312 3948 342 4008 Α
366 3951 474 4010 colore
502 3947 625 4031 pallido
648 3948 785 4009 sumitur
805 3943 1020 4030 comparati0‚
1055 3961 1137 4026 quae

18 4049 19 4056 ’
146 4035 369 4098 conditionem
392 4035 587 4120 aegrotantis
609 4049 642 4094 et
664 4030 887 4094 marcescentis
902 4028 1138 4111 corporispoe-

146 4121 213 4183 tice
228 4120 344 4204 signet.
379 4117 488 4205 Θάψας
505 4141 668 4182 veronam
682 4120 808 4206 lignum
821 4115 925 4180 fuerit
936 4111 1138 4196 Scythicum,
