2956 5020
142 483 148 492 ,
236 392 302 466 504
420 399 731 466 οοοννιοον
760 397 1074 464 meamea
1108 389 1154 474 ιο.

241 565 400 667 Πρόσθε
415 547 630 668 radpodum
647 568 807 665 θολόμοο
825 551 936 666 χορόν
953 561 1171 658 ἑστόσαντο,

242 670 396 750 Δώδεκα
413 673 477 748 ναὶ
488 677 627 772 πρᾶτον
650 668 789 763 πόλιος,
814 675 909 767 μέγα
925 673 1047 769 χρῆμα
1064 665 1277 762 Λαναονόν,

241 775 373 852 'Arina
394 771 585 872 Τυνδάρεω
611 771 856 859 νατννλόξατο
874 769 943 848 τοῖν
961 768 1156 866 οἱγαπατοῖν
1288 775 1313 846 5

209 909 213 919 ’
244 873 490 959 Μναστοόσας
504 877 657 952 Ἑλέναν
675 877 696 953 ό
713 873 885 974 νεόνερος
898 873 1051 974 Ἀτρέος
1067 871 1154 958 υἱός.

237 979 399 1058 ’ἈοιδονΙ
408 977 436 1054 ό
454 979 528 1076 ἄρα
543 982 659 1054 πᾶσαν
681 985 715 1061 ἑο
731 981 769 1054 ’ἑν
785 983 892 1072 μέλος
907 981 1169 1074 ἐννοοτοόισαο

245 1083 365 1158 Ποσοὶ
380 1071 639 1180 περὶπλέντοις,
665 1081 748 1182 περὶ
763 1079 792 1157 δ’
801 1083 887 1174 ἰ”αχο
903 1079 990 1175 δῶμ’
1008 1079 1179 1180 ὑμεναίῳ.

267 1337 298 1406 5.
321 1337 517 1484 *tethel
533 1339 654 1403 Reiake
676 1337 833 1426 intelligit
851 1361 961 1403 recena
975 1339 1100 1424 pictum
1120 1339 1309 1418 thalamum,

309 1425 344 1488 h.
357 1447 385 1488 e.
401 1425 497 1489 obum
519 1440 621 1488 ratum
635 1423 795 1508 tapetibus
810 1424 848 1485 ab
863 1446 923 1486 acu
937 1425 1156 1510 Phrygioniae
1171 1427 1312 1488 recenti·

309 1509 382 1576 bue.
404 1545 445 1559 -
471 1509 610 1572 Verbum
633 1507 779 1593 γράφειν,
804 1515 951 1592 pingere,
979 1512 1145 1572 illustrant
1167 1513 1310 1573 Wartou

311 1593 352 1657 ad
366 1595 399 1656 h.
413 1599 435 1660 l.
450 1609 483 1656 et
496 1594 650 1656 Valcken.
667 1593 707 1655 ad
720 1593 878 1656 Adouiaz.
895 1617 939 1658 vs.
956 1592 1007 1659 8ο.
1030 1596 1128 1658 Harl.
1164 1594 1310 1679 [Solebat

309 1681 380 1742 fere
398 1680 435 1740 in
458 1678 643 1740 civitatibus
664 1681 858 1741 Graecorum
881 1701 984 1741 novua
1007 1681 1130 1742 exstrui
1151 1701 1168 1740 a
1192 1681 1309 1744 marito

311 1779 386 1828 ante
407 1764 537 1846 nuptias
566 1763 732 1824 thalamus.
787 1764 890 1826 Cuius
914 1765 961 1826 rei
980 1769 1123 1848 exempla
1146 1764 1311 1850 congessit

257 1867 261 1875 ’
309 1848 463 1912 Feithiue
479 1847 642 1930 Antiquit.
658 1849 754 1910 Hom.
769 1849 808 1910 L.
823 1853 866 1911 ll.
883 1849 919 1912 C.
936 1848 984 1912 14.
1001 1859 1031 1928 ὓ.
1047 1869 1075 1912 a.
1091 1848 1211 1933 quibua
1230 1849 1312 1910 haec

314 1932 406 1996 addit
430 1927 645 1993 Siebdrat.'V.
665 1934 711 1993 D.
736 1953 769 2015 p.
783 1953 833 2020 99.
857 1933 891 1993 iu
912 1932 1025 1996 libello
1049 1951 1114 2017 quo
1137 1933 1314 2016 Epithala-

313 2019 414 2080 mium
436 2017 580 2078 Helenae
603 2017 756 2079 illuatrat:
785 2021 940 2100 Apellen.
960 2018 1068 2080 Rhod.
1089 2019 1134 2079 Ar
1157 2033 1267 2080 onaut.
1284 2019 1310 2082 1.

338 2103 387 2184 75.
401 2101 517 2184 Odyaa.
531 2121 570 2183 ψ.
589 2108 658 2184 178·
683 2106 757 2166 coll.
780 2121 885 2188 19oaq
907 2149 915 2164 .
941 2118 975 2164 et
989 2040 1190 2184 uinaple.
1211 2103 1274 2162 iam
1292 2125 1311 2164 a

263 2213 267 2224 ·
362 2201 476 2248 artono
498 2185 605 2248 citata.
625 2184 717 2246 Adde
737 2185 832 2288 Idyll.
909 2188 982 2250 VII.
1008 2187 1059 2253 56.
1095 2187 1185 2248 Idem
1204 2201 1312 2249 tamen

194 2304 197 2312 ·
312 2270 421 2334 minua
436 2285 522 2332 recte
537 2267 719 2355 νεόγραπτον
738 2279 882 2352 θνλαμον
896 2271 1128 2354 interpretatur
1142 2263 1315 2339 νεόνευντον

312 2379 338 2420 ν.
355 2359 437 2422 νέον·
459 2375 651 2439 quamquam
666 2377 760 2418 nemo
776 2355 949 2434 dubitavit,
975 2357 1055 2440 quin
1070 2355 1215 2418 Menelai
1228 2359 1313 2442 regia

262 2469 264 2475 ,
312 2441 471 2502 thalamus
485 2436 666 2526 νεόγραποος
685 2441 781 2502 etiam
798 2437 971 2518 νεότευντος
989 2443 1100 2504 fuerit.
1142 2443 1270 2518 Κίνωλ]

270 2539 302 2610 4.
323 2547 402 2627 μέγα
423 2541 527 2628 χρῆμα
548 2543 728 2616 Λοναινᾶν,
749 2541 782 2604 h.
798 2565 826 2606 e.
842 2547 987 2626 egregiae
998 2545 1169 2604 Lacaenae
1176 2567 1188 2620 ,·
1220 2565 1313 2628 quam

313 2627 568 2691 venustissimam
588 2627 758 2688 formulam
778 2643 903 2712 praeter
923 2629 1119 2688 Wartonum
1135 2643 1167 2690 et
1179 2629 1312 2690 Valcke-

315 2713 443 2773 narium
461 2707 548 2773 adh.
564 2714 586 2769 l.
606 2711 676 2796 [qui
701 2712 952 2796 exquisitissima
973 2710 1071 2772 dedit.
1093 2711 1152 2798 K.]
1174 2713 1313 2774 illustra·

266 2813 272 2822 ·
315 2811 393 2858 runt
407 2795 545 2879 Vigerua
568 2809 601 2855 et
616 2797 809 2880 Hoogeven.
825 2797 865 2858 de
886 2795 1066 2858 Idiotismis
1091 2819 1136 2882 gr.
1149 2796 1228 2859 dict.
1241 2819 1311 2880 cap.

265 2879 278 2906 ·'
315 2882 377 2943 Ill.
398 2893 472 2941 sect.
496 2878 589 2938 XIII.
610 2901 642 2942 n.
665 2899 693 2941 ο.
717 2895 749 2940 et
772 2881 926 2942 Valckeu.
952 2880 992 2940 ad
1012 2879 1171 2942 Adouiaz.
1193 2903 1239 2944 va.
1261 2879 1314 2947 85.

315 2959 679 3112 gergrgpldegjppis
693 2965 754 3048 Ep.
769 2963 874 3028 XVII.
889 2964 920 3028 4.
934 2963 1049 3048 ibique
1066 2965 1182 3030 Cobet.
1198 2988 1230 3049 p.
1242 2985 1313 3054 299.

267 3132 303 3199 ’5.
327 3131 537 3209 ναοονλάξατο]
551 3154 615 3215 pro
638 3133 739 3194 forma
761 3133 922 3195 communi
942 3137 1166 3201 κατονλολοοτο.
1213 3135 1314 3198 Servo

267 3253 281 3282 ν
317 3219 401 3282 hauc
413 3216 588 3278 lectionem
604 3217 799 3299 optimorum
812 3217 968 3279 librorum
983 3219 1025 3281 ob
1043 3221 1143 3280 ritum
1158 3235 1312 3294 veterem,

338 3324 410 3364 uem
427 3300 542 3362 schol.
563 3300 633 3362 cod.
647 3304 672 3362 F
674 3307 789 3364 lorent.
807 3303 983 3366 aSalvinio
1007 3303 1046 3366 ad
1062 3303 1158 3386 Idyll.
1173 3305 1246 3368 XV.
1264 3327 1314 3384 77.

316 3328 510 3470 descriptum
529 3401 697 3448 memorat:
740 3391 893 3472 παροιμία
922 3423 965 3437 -
993 3393 1112 3473 εἴρηται
1142 3385 1206 3456 aiud
1233 3413 1314 3464 τινος

218 3494 221 3522 ⁴
314 3478 466 3557 νυμφίου,
490 3468 634 3555 λαβόντος
652 3469 723 3538 md
743 3470 879 3558 νύμφην,
909 3479 962 3540 ael
982 3473 1177 3551 εἰσελθόντος
1196 3479 1241 3550 εἰς
1261 3471 1315 3540 τόν

315 3557 477 3638 θάλαμον,
499 3561 552 3625 ναῒ
572 3562 744 3632 νλελοαντος
766 3555 867 3626 αὐτόν.
910 3559 965 3620 De
987 3560 1087 3621 forma
1111 3573 1144 3621 et
1156 3561 1336 3642 scriptura·

271 3655 275 3667 ⁴
316 3643 407 3706 verbi
428 3639 495 3704 vid.
511 3641 550 3702 ad
573 3642 668 3724 ldyll.
684 3643 757 3707 XV.
772 3641 821 3710 55.
842 3639 991 3726 όγκόξοτο
1015 3641 1185 3705 Eldiclaiua
1207 3642 1317 3705 conie-

315 3729 370 3791 cit.
392 3729 495 3788 Harl.
535 3729 597 3789 Pro
615 3724 790 3811 Τυνδάρεω,
808 3727 896 3815 quod
912 3727 1059 3812 praebuit
1069 3728 1162 3805 Call,
1186 3728 1219 3788 in
1237 3731 1317 3788 mul·

319 3813 363 3877 tia
378 3810 450 3874 cdd.
465 3828 498 3873 et
506 3811 768 3880 Edd.A1d.Med.
785 3827 833 3875 eat
851 3819 1031 3900 Ίλννόορόόα·
1054 3813 1088 3873 in
1105 3810 1232 3874 duobus
1246 3809 1317 3873 cdd.

320 3953 522 4050 Τυνόαρλδόν·
546 3965 582 4028 in
592 3967 880 4114 ¹aliiaih'less'vralacpt'dn·
908 3915 1102 4052 Tmoaptail
1117 3967 1153 4027 iu
1168 3965 1219 4028 ed.
1232 3967 1321 4104 Iupst.

320 4119 509 4205 tardamur.
539 4127 776 4206 Καοοκλνγξανο.
791 4121 863 4187 cod.
877 4123 1016 4188 Mediel.
1039 4135 1205 4188 vetustus:
1228 4141 1321 4189 νονν-
