2938 5018
111 535 116 548 ·
235 507 1030 604 runocnrrrrnrnmouxxrv.
1108 511 1179 582 ,cu
1298 456 1302 466 ’

103 691 270 762 Alcmene
283 681 406 750 deinde
419 679 461 748 sd
477 701 577 748 suum
593 678 743 745 admovit
758 681 927 768 gremium

104 792 355 862 Exanimotum
370 795 464 852 metu
481 783 668 848 clamosum
681 783 867 872 lphiclum:

102 895 316 984 Aurphitryo
331 900 447 954 autern
471 885 617 954 alterum
631 886 695 951 sub
710 887 869 972 agninum
885 886 996 974 posuit
1009 888 1145 958 laenam

103 1001 269 1077 Puerum,
292 990 382 1058 etad
397 990 523 1054 lectum
536 1009 692 1054 reversus
717 1011 837 1055 somno
851 1013 888 1055 se
899 989 1001 1054 dedit.

171 1098 263 1168 Galli
278 1093 379 1162 tertio
394 1093 463 1157 iam
477 1101 580 1156 cantu
594 1089 752 1156 ultimum
764 1093 950 1158 diluculum
963 1093 1178 1168 indicabant:

104 1200 277 1272 Tiresiam
287 1209 372 1262 tunc
385 1204 510 1274 vatem,
532 1191 647 1258 omnia
661 1215 740 1260 vera
756 1193 934 1277 dicentem,
955 1217 960 1229 ·

106 1295 227 1398 Quum
243 1310 404 1380 vocasset,
425 1319 501 1363 rem
516 1315 642 1362 novam
657 1297 822 1384 exposuit,

105 1410 266 1494 Eumque
282 1401 495 1491 respondere,
517 1398 592 1486 quis
607 1397 718 1464 exitus
735 1398 871 1465 futurus
886 1413 983 1485 esset,

106 1509 229 1580 Iussits
251 1529 328 1587 neu,
349 1502 470 1592 siquid
488 1501 535 1568 dii
550 1501 684 1570 adversi
697 1502 836 1588 agitent,

97 1613 285 1680 'Reversus
300 1607 463 1687 mece1a3
493 1615 595 1690 atque
610 1605 758 1692 effugere
771 1627 841 1668 non
857 1603 961 1670 licere

108 1712 327 1792 Hominibus,
350 1705 507 1796 quicquid
521 1707 625 1774 Parce
639 1707 715 1772 fuso
730 1707 898 1788 devolvat,

110 1819 213 1888 vates
226 1813 385 1894 Euerids,
407 1811 495 1874 bene
507 1819 540 1874 te
557 1811 736 1876 callentem
751 1811 886 1875 edoceo.

178 1917 235 1986 Sic
251 1913 338 1982 dixit
352 1913 484 2000 regine:
518 1924 590 1978 tum
606 1915 664 1979 ille
679 1913 726 1977 ita
742 1909 931 2000 respondit:

111 2023 207 2090 Bono
222 2011 336 2086 animo
353 2038 398 2094 ee,
421 2037 544 2105 parens
566 2015 713 2101 optimae
727 2017 840 2105 prolis.
865 2013 978 2080 Persei
993 2019 1140 2104 sanguin

111 2123 202 2196 Nem
217 2143 281 2211 per
295 2141 414 2190 meum
433 2120 531 2186 dulce
552 2120 686 2194 lumen,
708 2119 801 2203 quod
818 2117 900 2186 olim
914 2117 957 2182 ab
981 2121 1084 2190 oculis
1098 2123 1185 2192 mei.

652 2221 801 2302 recessit,

138 2470 190 2546 63.
214 2469 265 2558 69.
289 2469 349 2545 ,‚F.
364 2471 394 2536 vl
404 2467 432 2536 δ’
443 2467 484 2546 οἷς
504 2490 567 2546 -3
590 2467 636 2528 sic
650 2481 688 2527 rt
700 2487 730 2528 v.
745 2483 795 2542 po.
809 2479 883 2550 post
897 2463 1029 2534 dodican
1046 2485 1189 2551 ponatur

181 2557 312 2641 signum
328 2551 588 2639 interrogandi.‘⁴
613 2551 744 2634 Sehaes.
768 2551 915 2626 „Vereor
929 2573 968 2613 ne
985 2559 1037 2618 uel
1052 2555 1093 2632 ὥς
1110 2557 1188 2616 scri.

181 2640 296 2725 poerit,
320 2652 394 2721 post
408 2657 533 2699 versum
549 2651 656 2697 sutem
671 2637 721 2720 69.
737 2633 898 2696 exciderit
912 2637 1072 2722 aliquid.“
1105 2645 1188 2700 Her.

118 2781 122 2788 ,
183 2745 291 2784 mann.
336 2722 481 2784 Grsefius
504 2721 611 2781 malit:
636 2718 797 2798 ciddpssdc
813 2721 989 2800 persederet·
1013 2724 1119 2801 καθώς
1133 2725 1189 2794 οὐκ

183 2823 246 2872 etc.
268 2842 313 2857 -
334 2805 577 2892 Orph.„Argon.
598 2823 666 2867 10⁶.
681 2805 744 2870 ἀλλ’
764 2832 820 2870 ουκ
839 2805 908 2870 ἔσθ’
922 2803 1074 2886 ὑπαλύξαι
1081 2862 1093 2890 ,
1114 2809 1192 2891 cidri

145 2929 150 2938 ·
181 2897 372 2978 neupwpc'soe
403 2888 510 2958 κεῖται.
534 2927 577 2940 -
609 2890 664 2950 Vs·
685 2889 736 2976 69·
757 2883 935 2976 ἀνθρώποις
963 2894 1088 2977 aliquot
1118 2895 1189 2958 cdd.

185 2981 274 3042 Iunt.
292 2994 325 3041 et
346 2977 498 3060 Stephon.
511 2973 699 3056 α’νθρώπους
721 2975 802 3037 Call.
825 3003 865 3022 ·*
888 2987 1026 3058 κλωστηρ
1041 2979 1071 3042 h.
1089 2985 1110 3040 1.
1125 2980 1191 3062 fu.

186 3087 253 3138 sus,
276 3080 313 3126 vt
329 3060 600 3146 Apollonllhod.
614 3059 672 3121 111.
691 3059 762 3125 255.
778 3062 926 3124 similiter
943 3064 1058 3150 virgil.
1073 3065 1190 3152 Georg.

181 3151 240 3213 IV.
260 3147 331 3234 549.
347 3149 516 3208 devolvunt
525 3145 734 3228 pcmufusis.
779 3149 893 3209 Kieesl.

145 3269 196 3338 70.
219 3251 337 3313 Thom.
352 3249 480 3334 Briggs,
505 3245 532 3314 αἶ
548 3247 711 3328 Ednpcr'de.
748 3247 904 3312 Gerhurd.
922 3250 957 3310 in
971 3253 1077 3316 Lectt.
1092 3253 1193 3336 Apol·

185 3341 252 3398 lon.
268 3357 300 3419 p.
319 3331 510 3418 184ηιιᾶντις
531 3331 698 3416 Εύηρείδα.
743 3335 861 3398 Kieesl.

145 3473 197 3542 72.
221 3455 324 3530 „Post
344 3453 433 3514 hune
451 3475 580 3515 versum
605 3453 667 3513 iste
689 3457 844 3537 leguntur
868 3453 1036 3518 interserto
1062 3459 1095 3518 in
1122 3458 1194 3522 cod.

188 3540 295 3604 Vstic.
312 3535 435 3622 θάρσει·
466 3537 639 3622 μελλόντων
661 3541 695 3603 δὲ
717 3535 750 3602 τό
770 3545 861 3603 dorios
881 3543 913 3604 ἐν
937 3548 1038 3623 ᾳρεσί.
1084 3543 1118 3604 Si
1145 3544 1195 3606 hit

189 3623 362 3686 adiicietur
375 3619 480 3704 βάλλε,
502 3623 747 3706 versueinteger
758 3638 792 3684 et
806 3625 966 3708 genuinus
983 3627 1086 3688 videri
1103 3643 1195 3708 pote·

189 3711 271 3772 rit.“
296 3709 408 3770 Vates.
437 3707 574 3770 Rectius
590 3707 679 3782 haec,
703 3723 740 3770 vt
756 3709 811 3768 illu
836 3731 884 3771 vs.
898 3711 963 3786 50„
982 3733 1054 3772 cum
1070 3711 1196 3774 Dahlio

193 3794 364 3880 glossatori
380 3793 542 3856 tribueris.
580 3795 696 3854 Kieerl.
1167 3785 1170 3794 ¹

151 3911 204 4002 75.
226 3911 378 3988 Tiresiss,
405 3911 630 3988 iiliusEueris‚
654 3927 744 3972 vetes
758 3909 946 3992 Thebanus,
970 3913 1057 4000 quod
1071 3911 1199 3975 Pallade

196 3999 231 4059 in
244 4003 373 4059 lavucro
388 4019 422 4059 se
436 4003 598 4059 levantem
607 4013 832 4078 conspexerat,
843 4003 1008 4060 oculorum
1022 4021 1081 4060 vsu
1094 3999 1200 4082 privs-

194 4099 248 4145 tus
264 4097 324 4145 est·
355 4105 386 4144 v.
402 4082 528 4144 Gallim.
548 4082 590 4142 H.
607 4083 642 4141 in
659 4083 741 4142 Lav.
757 4083 834 4143 Pell.
849 4105 884 4168 9¹
905 4106 973 4169 sqq.
997 4086 1141 4163 Propert.
1158 4082 1200 4142 Π.

219 4213 227 4231 .
243 4171 295 4252 57.
336 4167 443 4228 Aliam
460 4182 565 4227 temen
583 4166 752 4226 coecitatis
767 4168 924 4230 rationem
939 4169 1048 4228 attulit
1062 4164 1201 4227 Ovidius

238 4267 281 4316 et.
295 4251 357 4316 111.
375 4251 448 4324 525.
464 4249 546 4314 adde
561 4251 686 4338 Hygin.
701 4251 767 4313 fab.
776 4253 835 4408 ἐξ).
856 4288 900 4305 -
920 4255 974 4318 De
994 4249 1201 4316 iureiurando

811 4355 827 4402 Ι
