2874 5018
268 449 582 516 ‘reuocatas
614 445 892 514 normaton
924 451 973 550 ¹.¹·
1121 475 1163 544 99

105 624 183 691 Mox
198 643 321 708 corpus
335 643 477 708 surpere
486 617 682 700 ¹calefiebat,
705 629 739 684 et
751 639 813 682 ora

106 725 295 792 Fervebaut
308 723 414 810 magis
430 745 534 810 quam
547 731 643 804 ante,
664 721 880 809 suaviterque
893 723 1161 794 susurrabamus.

106 825 330 896 Annamatia
346 825 408 890 tibi
424 826 585 914 garriam,
607 846 684 890 cara
698 823 807 906 Luna,

106 932 204 997 Facta
219 941 270 996 est
283 930 436 996 maxime
450 951 516 1010 res,
540 939 573 992 et
590 937 672 994 voto
684 937 826 1014 vterque
840 925 943 1016 potiti
955 951 1082 998 sumus.

107 1033 154 1100 Ao
168 1054 279 1120 neque
290 1030 348 1097 ille
368 1030 458 1096 mihi
480 1029 662 1118 quicquam
685 1029 904 1118 exprobravit
928 1053 1036 1118 vsque
1056 1031 1093 1098 in
1106 1033 1167 1100 he·

686 1143 841 1200 aternum
860 1132 961 1215 diem,

107 1238 220 1324 Neque
239 1257 301 1324 ego
315 1233 459 1302 vicissim
475 1233 537 1302 illi.
580 1233 647 1302 Sed
670 1235 767 1300 veuit
784 1235 826 1300 ad
839 1259 895 1302 mo
907 1235 1064 1304 Philistae

108 1340 213 1405 Mater
228 1349 365 1404 nostrae
382 1323 560 1420 tibicinae,¹
577 1348 611 1402 et
626 1335 788 1418 Melissus,
866 1371 870 1382 ·

23 1497 24 1542 ἱ
109 1440 225 1523 Hodie,
247 1461 355 1524 quum
372 1439 415 1506 ad
429 1440 563 1517 coelum
578 1439 827 1505 adscendebant
841 1441 921 1527 equi

111 1543 278 1611 Auroram
291 1563 426 1612 roseam
440 1563 486 1608 cx
508 1541 645 1610 Oceano
664 1541 899 1626 subvehentes,

170 1813 380 1899 eiusdemque
405 1810 587 1874 Simaethae
607 1811 745 1886 amicae,
778 1825 811 1874 et
832 1812 999 1890 Melina,
1035 1813 1174 1877 forsitan

171 1899 345 1962 saltatricis
360 1895 447 1982 (nam
464 1896 614 1958 saltatrix
625 1910 657 1956 et
666 1896 803 1957 tibicina
817 1897 967 1960 solebant
981 1899 1067 1984 apud
1078 1901 1177 1961 Grae·

171 2005 226 2046 cos
249 1985 319 2046 fere
338 2003 401 2042 vna
425 1980 587 2042 conviviis
611 1980 784 2056 interesse3
817 2003 850 2046 v.
873 1988 981 2044 locum
1005 1983 1176 2066 Aristoph.
1258 2001 1261 2007 ·

174 2067 378 2134 Rau.516.a
394 2066 512 2128 Vossio
526 2065 660 2128 citatum
670 2074 692 2136 t)
715 2063 868 2129 hesterno
884 2067 939 2129 die
956 2089 1028 2130 cum
1048 2067 1178 2130 filiabus

174 2153 334 2218 convivio
351 2150 550 2225 interfuisse,
574 2148 631 2211 vbi
645 2152 711 2211 Del
735 2149 841 2227 hidis,¹
861 2153 919 2236 qui
936 2152 1013 2214 item
1030 2173 1178 2237 praesens

174 2239 301 2312 aderat,
326 2234 484 2322 flagitium
501 2234 677 2318 cognovit,
702 2171 824 2320 sieque
843 2235 943 2298 hodie
957 2237 1178 2300 maneSimae·

177 2324 269 2386 tham
293 2321 463 2382 certiorem
482 2319 572 2382 fecit.
618 2319 663 2382 Vt
679 2334 785 2380 autem
802 2321 943 2383 evitetur
957 2321 1179 2385 intolerabilis

176 2409 287 2470 hiatus
311 2432 347 2492 ys
369 2406 463 2490 ἐμοῖς,
496 2403 682 2486 recepimus.
698 2404 782 2486 (ἐμοῖς
796 2406 816 2466 i.
833 2427 862 2466 e.
884 2405 1032 2492 ἡμετέρας
1056 2429 1097 2470 ex
1114 2427 1179 2467 vno

178 2491 230 2556 cd.
246 2493 333 2552 Flos.
351 2488 485 2552 eandem
497 2487 671 2550 lectionem
685 2504 843 2550 monstrat
858 2491 1045 2554 aliusRom.
1061 2493 1095 2552 in
1114 2513 1180 2574 quo

178 2593 230 2640 est
243 2575 355 2660 α’κμᾶς.
377 2609 418 2628 -··
441 2571 675 2636 Valckenarius
688 2587 797 2634 tamen
812 2573 876 2634 iam
890 2575 925 2634 in
942 2577 1047 2680 Epist.
1066 2575 1182 2636 adnu-

177 2684 290 2744 πη).
300 2664 355 2722 LI.
365 2655 571 2724 scribendum
589 2669 774 2719 censueratt
798 2653 881 2732 ἦνϋέ
890 2685 943 2740 μοι
959 2663 1027 2744 ἆγε
1042 2663 1183 2743 speliosus

178 2743 301 2830 Μάτηρ
316 2747 372 2822 siis,-
386 2770 421 2828 ys
434 2745 511 2825 ἐμοῖς
525 2738 724 2821 αὐλητρίδος,
754 2740 823 2825 is‘ys
835 2739 1003 2822 Μελιξοῦς·
1036 2748 1122 2807 venis
1141 2744 1187 2804 ed

180 2855 231 2895 me
253 2844 358 2895 mater
382 2833 573 2890 carissimas
591 2848 676 2887 nacae
697 2826 870 2904 tibicinae,
901 2849 1004 2906 meae,
1037 2834 1181 2910 inquam,

180 2919 335 2984 Metam.
380 2911 620 2998 superlativum
639 2915 776 2995 ‹pls-moe
796 2911 918 2974 ibidem
936 2937 967 2998 p.
982 2917 1056 2976 LII.
1077 2913 1183 2974 vindi·

182 3004 283 3067 eavit.
327 3001 532 3062 Hermannus
553 2995 594 3059 de
612 2994 776 3062 h.l.haec
796 2999 983 3060 annotavit:
1016 2997 1186 3076 „Scholia-

183 3103 254 3152 stae
275 3083 455 3168 explicatio
471 3087 621 3164 γείτονος,
645 3081 746 3144 lectio
761 3081 832 3144 cod.
850 3083 923 3145 Vct.
940 3082 1130 3167 αιῖλιτρίδος.
1154 3095 1185 3144 et

184 3177 293 3258 glossa
312 3168 514 3252 melancoliae,
545 3187 627 3249 quae
652 3165 822 3228 scrihenda
843 3182 891 3228 est
916 3167 1111 3252 otiltocplae,
1140 3169 1185 3226 ft·

185 3257 280 3320 ciunt
291 3270 329 3318 vt
342 3251 468 3315 credam
482 3251 693 3313 Theocritum
709 3249 905 3335 ου’λιστρίδος
920 3255 1092 3337 scripsisse.
1122 3252 1188 3312 Vo-

185 3340 339 3405 cabulum
353 3337 418 3402 hec
431 3351 544 3400 notam
559 3335 689 3398 videtur
706 3356 791 3411 eam,
815 3357 899 3420 quae
912 3338 947 3398 in
966 3337 1075 3402 eadem
1091 3337 1187 3398 domo

186 3424 353 3490 habitat.“
394 3423 512 3484 Kiesal.

146 3513 219 3591 14¹7.
246 3505 316 3572 148.
339 3505 467 3568 Eldich.
489 3503 628 3566 malebat
647 3505 740 3571 οἷνὶκα
755 3506 869 3588 νέρθε,
894 3506 982 3590 quod
999 3527 1067 3570 non
1086 3505 1188 3590 magis

187 3592 393 3682 probandum
417 3611 510 3674 quam
531 3589 661 3650 Reiskii
682 3587 723 3655 ssi
742 3591 808 3658 ποτ’
829 3590 963 3674 euocatis
985 3615 1028 3656 sc.
1044 3594 1189 3670 κέλευθα,

187 3685 263 3744 vies
281 3684 316 3738 in
330 3679 449 3738 coelum
467 3677 620 3735 ducentes.
663 3675 780 3738 Lectio
799 3691 928 3759 recepta
944 3677 1063 3738 nititur
1077 3674 1190 3737 eodem

189 3759 443 3845 conloquendi,
466 3779 531 3844 quo
553 3757 674 3820 dicitnr
698 3761 749 3825 sisa
771 3785 821 3839 ta,
844 3761 931 3847 quod
953 3761 1129 3846 aliquoties
1154 3760 1189 3820 in

191 3846 371 3912 Theocrito
386 3843 515 3928 legitur.
537 3876 581 3892 -
592 3841 719 3927 ,ω’ραοόν
732 3859 850 3920 antam,
875 3846 964 3929 quod
978 3847 1041 3908 iam
1048 3843 1190 3908 Brunclt.

190 3932 305 4006 suasit,
330 3952 402 3990 cum
420 3929 523 3988 Gaisf.
540 3949 580 3989 ex
596 3929 722 4012 optimo
738 3929 808 3991 cod.
825 3931 918 3992 Med.
933 3931 1052 4014 recepi.
1076 3929 1192 3988 Kicssl,

193 4015 297 4100 ῥοδόπ.
323 4013 357 4076 h.
374 4035 401 4076 e.
412 4013 603 4094 formosam.
637 4035 668 4074 v.
692 4013 732 4074 ad
749 4015 935 4078 Mimnerm.
953 4017 1008 4078 IV.
1028 4013 1058 4078 5.
1077 4015 1111 4073 in
1126 4013 1192 4072 An·

192 4103 276 4165 thol.
292 4121 338 4185 gr.
351 4113 440 4181 poet.
483 4095 657 4160 Notandus
678 4119 755 4160 vero
773 4115 822 4161 est
843 4115 977 4162 ornatus
993 4091 1193 4184 poeticusjri
1237 4137 1244 4150 .

194 4183 416 4266 descriptione
429 4182 507 4245 solis
520 4182 668 4244 orientis.
708 4185 811 4245 Harl.
1251 4183 1257 4194 '

793 4271 821 4329 G
847 4289 863 4330 o
