2938 5018
298 401 611 470 rnuocarrr
644 351 920 474 rorinron
953 411 1068 490 xxv.
1156 421 1219 492 osa

145 577 232 646 Mox
247 574 379 644 stabula
391 575 554 664 perlonga
569 576 726 664 agricolis

141 676 331 747 Aedificatur
342 689 440 758 sunt,
463 678 521 765 qui
536 681 608 768 regi
623 701 762 766 magnas
778 693 810 746 et
826 680 1007 753 immensas
1021 712 1099 778 opes

141 781 362 854 custodimus
377 779 572 865 diligenter,
600 782 637 847 in
653 795 706 848 ter
718 781 864 852 subactis
886 792 1064 858 novalibus
1078 815 1213 864 semen..

171 904 174 912 ’
722 897 793 952 tem

133 987 389 1075 Nonnunquam
402 999 613 1076 spargentes,
644 999 679 1054 at
694 987 729 1053 in
746 1001 866 1074 quater
881 992 1024 1062 subactis
1042 997 1207 1076 similiter.

133 1089 277 1161 Limites
289 1111 370 1154 vero
385 1101 515 1154 norunt
528 1091 721 1180 plantarum
738 1089 897 1175 fossores,
921 1095 978 1180 qui
995 1098 1156 1170 laboriosi

132 1191 189 1262 Ad
208 1191 386 1260 torcularia
398 1193 560 1274 veniunt,
585 1215 691 1282 quum
710 1204 816 1260 aestas
828 1217 964 1262 summa
978 1197 1080 1272 adest

134 1295 257 1362 Omnis
272 1295 364 1360 enim
375 1293 431 1360 hio
445 1308 586 1383 campus
601 1305 650 1360 est
666 1293 843 1384 prudentis
857 1299 1000 1384 Augias,

131 1397 179 1466 Et
192 1398 310 1483 iugera
322 1393 426 1466 tritici
436 1395 580 1479 feracia,
604 1409 637 1462 et
652 1397 742 1464 horti
759 1399 934 1466 arboribus
946 1402 1080 1485 consiti,

132 1503 248 1592 Vsque
261 1500 305 1566 ad
318 1510 471 1565 extrema
485 1498 655 1565 montium
670 1500 763 1587 iuga,
785 1501 934 1570 fontibus
948 1527 1109 1572 amoenas

135 1602 238 1692 Quae
250 1603 323 1668 loca
336 1623 399 1666 nos
410 1621 496 1688 opus
514 1599 675 1670 facientes
690 1602 822 1669 obimus
838 1617 912 1670 toto
928 1598 993 1690 die,

130 1703 229 1772 Sicut
242 1704 339 1770 decet
353 1704 521 1785 famulos,
543 1725 689 1790 quorum
705 1705 777 1773 vita
791 1707 923 1772 addicta
937 1719 987 1774 est
1002 1707 1101 1794 agris,
1176 1747 1179 1754 ι

132 1809 180 1876 At
193 1819 232 1873 tu
244 1803 331 1872 mihi
345 1806 414 1887 dic,
438 1805 544 1895 (quod
559 1815 593 1868 et
606 1803 669 1872 tibi
684 1806 750 1894 ipsi
765 1809 847 1881 vtila

130 1906 239 1996 Eric)
260 1907 354 1973 cuius
369 1909 421 1974 rei
435 1905 570 1994 indigus
584 1907 652 1974 huc
668 1910 811 1976 venisti?

130 2013 256 2090 Vtrum
270 2009 434 2098 Argiam,
457 2033 501 2076 an
519 2008 667 2095 aliquem
685 2012 895 2092 famulorum
913 2013 1000 2088 illius

129 2113 293 2206 Quaeris,
316 2109 539 2204 quoshabetl
565 2114 637 2205 Ego
654 2127 785 2196 autem,
808 2117 865 2204 qui
879 2127 971 2182 certo
984 2113 1070 2200 scio,
1092 2115 1156 2184 tibi
1271 2149 1274 2155 ·

129 2219 257 2286 Omnia
268 2214 367 2283 facile
383 2213 512 2290 dicam:
534 2238 606 2288 nou
618 2217 709 2290 euim
722 2229 754 2284 te
768 2217 821 2288 aio
836 2241 880 2290 ex
894 2217 1019 2284 vilibus

128 2389 339 2412 m

150 2519 153 2526 .
192 2477 297 2541 Gaisf.
312 2475 417 2561 μέχρις
438 2473 485 2543 ἐπ’
503 2479 648 2565 ἐσχατιᾶς
662 2512 706 2530 -
718 2477 897 2566 ἀκρωρείας·
921 2475 1038 2561 qulbus
1057 2477 1195 2546 lectioni

191 2561 389 2624 aBrunclsio
404 2577 549 2644 receptae
568 2565 723 2626 nonnihil
742 2561 1033 2627 commendationis
1055 2560 1192 2630 aceedit.

191 2651 244 2714 De
259 2645 369 2708 vocab.
385 2644 512 2732 ἕσχατιοῖ
522 2645 589 2710 vid.
605 2646 645 2710 ad
660 2647 756 2730 Idyll.
771 2649 862 2710 XIII.
880 2647 931 2715 25.
976 2649 1093 2713 Kietrl·
1187 2715 1190 2722 ,

149 2729 201 2808 55.
224 2730 276 2798 54·
297 2727 410 2809 olarios
425 2734 489 2798 cios
501 2735 570 2814 βίος
587 2769 631 2783 -
649 2732 745 2818 ἀγροῦ
764 2731 895 2795 Bruuck
914 2753 956 2792 ex
973 2730 1045 2793 cod.
1061 2731 1135 2792 Vat.
1148 2765 1192 2784 -

192 2817 282 2888 Vara.
293 2819 359 2899 seq.
368 2813 470 2898 proto‘
479 2844 525 2883 ros
534 2816 817 2890 habetBruncltex
825 2815 895 2877 cod.
903 2817 976 2877 Vat.
984 2814 1082 2897 τόμοι.
1092 2817 1191 2884 Harl.

190 2901 287 2988 ἀγροῦ
300 2935 343 2951 --
356 2893 451 2982 τόμοι
463 2901 540 2962 item
551 2902 646 2966 codd.
654 2901 912 2965 Mediolanensis
925 2900 1187 2978 ctFlorentinus,

191 3003 225 3052 et
239 2983 291 3054 ἄπ’
311 2984 405 3072 ἅγροῦ
424 2985 496 3052 cod.
513 2988 654 3072 regiuaa
673 2989 831 3048 Sanctam.
850 2989 995 3057 collatus,
1030 2987 1147 3046 Kiessl.

147 3073 200 3146 55.
220 3071 258 3139 od
270 3097 351 3156 τινος
363 3073 558 3156 κεχρημένος,
581 3077 675 3134 euius
688 3078 734 3132 rei
749 3093 851 3132 oausa
867 3071 930 3132 huo
945 3072 1083 3136 venisti?
1114 3071 1188 3132 Vir-

116 3164 120 3176 '
189 3159 245 3246 gil.
264 3159 344 3226 Aen.
357 3157 439 3233 VII,
479 3177 548 3244 197.
564 3179 759 3238 quassantia
774 3155 880 3228 rates,
911 3161 1077 3223 antedius
1093 3175 1188 3236 egen-

139 3247 144 3256 '
189 3257 235 3304 tes
250 3245 349 3304 Litus
371 3243 417 3303 ad
437 3242 620 3310 Ausonium
641 3255 689 3302 tot
700 3264 759 3322 per
772 3241 1004 3303 vadaeaarula
1016 3241 1123 3301 verit?
1144 3241 1188 3300 Il·

189 3324 248 3390 lud
267 3328 478 3411 participium
499 3341 583 3388 ests
606 3329 711 3412 χρῆμι.
750 3325 840 3410 Quae
859 3325 1122 3388 Hemsterhusius
1145 3321 1188 3384 ad

141 3468 143 3474 ,
189 3411 314 3474 Gallim.
328 3414 371 3474 H.
388 3413 424 3472 iu
437 3411 540 3479 Dian.
551 3433 582 3475 v.
598 3411 650 3498 69.
665 3409 841 3497 p.103.ed.
864 3413 944 3478 Eru.
961 3410 1000 3472 da
1013 3408 1188 3492 multiplici

139 3541 142 3548 .
188 3518 248 3562 vsu
261 3497 352 3558 verbi
367 3499 508 3584 χρῆσθαι
521 3495 681 3579 disputat,
713 3518 751 3564 ea
766 3495 852 3565 nihil
863 3497 1030 3580 pertinent
1043 3493 1084 3555 ad
1100 3494 1188 3554 huno

189 3581 360 3644 Theocriti
369 3588 487 3652 locum.
528 3585 647 3650 Kiessl.
1011 3601 1016 3612 ’

145 3667 199 3738 56.
220 3665 271 3744 57.
292 3663 329 3743 sii
352 3663 463 3748 dacius
476 3668 617 3730 Brunca.
630 3689 703 3729 cum
718 3665 844 3729 duobus
859 3666 931 3734 cdd,
955 3666 1070 3726 Klessl.
1098 3659 1188 3736 „Ad-

188 3765 278 3836 verta
292 3749 470 3834 simplicem
489 3752 666 3815 ebertatem
680 3753 792 3835 spirae
808 3751 979 3816 orationis:
1014 3771 1086 3810 nam
1100 3745 1189 3833 quod

137 3890 141 3898 ,
187 3837 261 3904 viro
283 3833 404 3898 eximIo
429 3841 552 3920 placet,
582 3839 735 3898 maiorem
757 3837 824 3898 vim
847 3852 880 3899 et
899 3834 1058 3920 ἐνάργειαν
1080 3831 1187 3892 verbis

190 3921 249 3984 rati
263 3918 360 3986 modu
374 3921 560 3998 conciliari,
590 3921 650 3984 vix
667 3919 780 3982 dicam.
809 3923 969 3988 Homerus
985 3917 1078 3982 Iliad.
1094 3915 1187 3984 XIII.

188 4029 221 4072 v.
235 4003 309 4069 ilia·
323 4005 450 4074 ἐπιόντα
464 4041 508 4056 -
522 4003 557 4082 ὅς
573 4031 626 4091 μοι
639 4005 767 4074 ἔπεισιν.
791 4005 888 4068 Couf.
897 4005 1073 4068 Ruhnken.
1084 4001 1191 4084 Epist.
1276 4043 1280 4050 -

192 4090 275 4153 Criu·
291 4113 324 4174 p.
343 4091 421 4157 56³⁶
447 4089 578 4174 Sebasf.

132 4177 134 4182 ’
149 4173 203 4242 dd.
224 4177 325 4242 Poeta
338 4178 484 4242 inritatur
497 4191 662 4244 auctorem
675 4177 791 4266 hymni
805 4175 976 4242 Homerici
990 4175 1026 4236 in
1043 4171 1150 4237 Ceret.
1163 4191 1195 4234 r·
