2816 5014
232 507 538 573 THEOCRITI
572 511 850 578 IDYLLION
884 515 934 578 II.
1075 515 1115 581 85

52 674 93 742 Vt
107 694 271 764 pompam
284 689 481 768 spectarem.
525 683 598 770 Ego
614 705 687 748 eam
703 674 1006 749 infortunatissima

52 776 239 864 Sequebar.
263 803 306 845 ex
320 781 417 868 bysso
433 786 620 871 elegantem
635 785 769 852 trahens
785 785 933 852 tunicam

50 881 90 944 Et
111 892 231 945 ornata
257 885 387 970 xystide
410 886 599 954 Clearistae.

88 981 173 1048 Vide
207 1003 363 1052 amorem
396 1011 531 1073 meum,
572 989 674 1058 ¹vnde
716 989 868 1073 venerit,
917 989 1108 1055 veneranda

495 1093 496 1098 ’
628 1095 737 1160 Lana.

51 1187 163 1277 Quum
180 1189 250 1256 iam
268 1213 374 1257 essem
387 1193 425 1258 in
440 1190 552 1257 media
567 1191 640 1276 via,
663 1193 719 1259 vbi
733 1194 878 1282 Lyconis
892 1192 1000 1278 aedes,

50 1292 124 1358 Vidi
139 1293 289 1381 Delphin
310 1293 410 1359 simul
426 1305 460 1359 et
477 1295 731 1388 Eudamippum
754 1298 955 1362 incedentes.

1 1391 2 1398 '
49 1395 128 1460 Erat
144 1395 185 1460 iis
199 1395 322 1461 llarior·
337 1395 526 1482 helichryso
541 1397 667 1463 barbae
679 1399 814 1485 lanugo,

1 1485 2 1562 l
51 1497 91 1559 Et
102 1509 240 1584 pectora
253 1496 395 1563 nitentia
413 1498 519 1562 multo
533 1497 651 1584 magis,
673 1522 776 1584 quam
789 1512 837 1580 tu,
857 1497 966 1583 Luna,

52 1599 172 1686 thote
192 1599 358 1686 gymnasii
380 1599 522 1666 honesto
536 1587 765 1682 laborejmodo
780 1599 978 1690 perfunctio.

113 1806 160 1852 eat
172 1793 263 1853 nobis
280 1791 346 1853 νία.
368 1825 412 1840 ·-
439 1790 478 1856 rol
492 1792 641 1869 Λύκωνος
665 1795 734 1858 scil.
753 1791 878 1870 doluerat
892 1795 959 1857 sive
973 1791 1106 1878 οἰκήμα-

109 1897 160 1943 τα·
190 1878 326 1960 pluralis
340 1897 399 1960 pro
417 1879 591 1966 singulari3
615 1881 724 1941 forsan
743 1881 818 1964 quia
833 1880 945 1941 domus
961 1879 1027 1941 fuit
1043 1901 1106 1940 am·

111 1969 167 2045 pla
189 1963 275 2036 (Hoc
290 1983 356 2022 non
382 1962 468 2024 inest
486 1965 520 2024 in
537 1965 665 2046 plurali.
686 1967 759 2045 K.):
792 1967 884 2026 cuius
911 1965 1035 2062 generis
1052 1986 1105 2025 ex·

113 2052 218 2130 ampla
235 2047 368 2131 collegit
381 2047 525 2112 Fischer.
541 2049 576 2108 in
591 2050 647 2111 VI.
662 2055 784 2132 prolus.
800 2049 840 2112 de
853 2049 952 2113 Vitris
966 2048 1106 2110 lexico·

112 2155 182 2192 rum
195 2133 239 2195 N.
254 2133 293 2191 T.
336 2134 435 2192 Harl.

76 2215 1108 2380 f⁷stttttttttltttlllttltttff’.tltttlltttdtlt

114 2401 168 2449 tur
181 2385 361 2448 Brunclrio.
383 2389 479 2450 Harl.
506 2389 605 2449 Dahl.
622 2411 693 2450 cum
708 2387 874 2449 Bruncbio
892 2387 1021 2470 scripsit
1034 2387 1106 2465 α’μᾶ.

1 2503 2 2508 “
112 2495 145 2534 v.
161 2471 278 2534 dehac
293 2472 393 2531 Forma
409 2473 514 2534 licen.
532 2471 571 2532 ad
587 2474 719 2556 Gregor.
739 2471 859 2555 ΡΜ.
876 2472 946 2536 255.
992 2471 1108 2532 Kiessl.

77 2553 123 2632 58.
146 2555 182 2636 ἧς
197 2555 275 2639 (pro
290 2553 359 2632 ἦν),
383 2571 419 2617 vt
431 2579 525 2617 versu
541 2575 592 2641 92.
608 2571 641 2618 ct
657 2555 725 2619 1¹24.
738 2557 872 2640 legitur,
899 2555 1109 2626 coniecerunt

115 2646 224 2726 Toup.
242 2653 337 2725 atquc
353 2637 526 2716 Valcken.,
551 2641 596 2701 sic
620 2661 661 2700 ne
681 2640 770 2700 dedit
785 2639 925 2700 Bruncls.
942 2651 1050 2724 (quem
1063 2659 1109 2698 sc·

1 2763 2 2770 .
114 2727 185 2789 cuti
200 2747 319 2786 sumus.
342 2729 394 2800 K.)
416 2747 448 2787 v.
464 2725 568 2787 Koen.
586 2663 626 2784 dd
636 2723 769 2807 Gregor.
784 2721 822 2783 dc
837 2724 927 2784 Dial.
939 2745 972 2806 p.
984 2721 1052 2786 118.
1063 2742 1109 2802 sq.

115 2818 166 2895 (p.
182 2813 254 2884 257.
271 2808 413 2892 Schaef.)
435 2812 535 2870 Πανί.
578 2810 634 2870 Dc
655 2806 841 2889 helichryso
863 2807 930 2869 vid.
954 2805 995 2868 ad
1006 2801 1111 2888 'Idyll.

1 2917 2 2958 t
116 2901 145 2959 I.
169 2893 220 2960 50.
264 2895 381 2957 Kieasl.

78 3003 123 3070 79.
148 2977 196 3060 ed,
217 2971 353 3062 artelea]
373 2979 421 3040 sic
439 2984 527 3042 solus
542 2977 711 3064 Callierg„
735 2993 768 3040 et
781 2979 867 3039 Flor.
885 2972 940 3056 ml,
961 2976 1111 3058 hancque

116 3068 272 3148 optimam
289 3063 463 3126 lectionem
478 3066 684 3126 retinuerunt
699 3063 929 3125 Valckenarius
945 3077 978 3124 et
991 3059 1111 3144 reliqui

116 3149 273 3213 editores.
317 3147 453 3210 Codices
469 3171 577 3210 omnes
593 3148 678 3234 apud
697 3147 859 3210 Gaisford.
878 3147 999 3208 habent
1010 3143 1045 3211 cd
1058 3170 1114 3210 σε·

116 3233 232 3314 λάνας,
259 3254 320 3294 nec
343 3253 420 3294 sane
441 3248 585 3310 constat,
617 3233 748 3316 quinam
769 3232 887 3316 optimi
908 3231 1036 3294 codices
1059 3229 1114 3289 ha·
1153 3282 1156 3288 .

115 3322 219 3382 beant
230 3315 280 3396 sd,
294 3313 421 3382 Σελάνα.
464 3317 573 3380 Reisk.
589 3316 741 3402 frigidam
756 3317 928 3378 lectionem
942 3317 975 3382 w*
987 3311 1114 3390 σελάνας

116 3403 298 3468 revocavit.
319 3437 363 3452 ·-
383 3401 480 3467 Dahl.
494 3402 565 3464 iure
581 3416 697 3488 negat,
720 3407 829 3462 locum
843 3402 958 3462 Bionis
975 3407 1008 3478 Ι,
1024 3399 1075 3488 93.
1091 3398 1114 3477 ἢ
1133 3457 1136 3464 .

1 3543 2 3566 2
49 3529 51 3532 ·
118 3487 177 3562 τύ,
200 3484 310 3556 Atos'va
330 3521 374 3536 ·-·
395 3487 541 3550 aValch.
558 3500 592 3548 et
604 3487 736 3569 Toupio
754 3501 841 3546 recte
856 3485 909 3546 bic
926 3485 1112 3569 comparari.

118 3573 241 3657 Aptior
259 3586 307 3634 est
322 3576 414 3633 locus
427 3571 537 3654 hymn.
553 3573 685 3636 Homer.
698 3572 733 3632 in
745 3571 862 3633 Vener.
877 3569 928 3656 89.
944 3590 994 3656 90.
1019 3592 1113 3652 quern

119 3671 351 3740 compararunt
363 3659 511 3719 Warton.
529 3653 761 3718 etWakefield.
778 3657 812 3714 in
823 3657 919 3737 Sylva
934 3653 1004 3717 crit.
1018 3655 1054 3716 P.
1071 3657 1112 3715 ll.

118 3744 181 3805 vbi
198 3741 254 3802 hie
269 3761 287 3800 a
303 3762 377 3826 pag.
396 3739 583 3820 145-147.
600 3740 687 3801 hunc
710 3745 817 3802 locum
841 3755 965 3800 tractat.
998 3739 1113 3800 Kiessl.

121 3829 207 3890 Cum
227 3823 367 3887 candore
385 3841 489 3887 autem
504 3839 537 3886 et
557 3824 776 3908 pulcritudine
789 3825 905 3886 Lunae
926 3846 974 3884 ros
989 3823 1115 3905 saepius
1147 3863 1154 3874 -

1 3935 2 3948 ³
121 3925 352 3996 compararunt
372 3923 498 3994 poetae.
526 3931 558 3970 v.
576 3908 670 3991 Idyll.
691 3909 813 3972 XVIII.
836 3907 887 3972 26.
907 3911 1059 3970 VVartou.
1084 3919 1116 3967 et

121 3997 279 4061 Koebler.
294 3994 335 4056 ad
353 4009 496 4056 nostrum
512 3999 637 4071 losum,
660 3992 841 4054 Broukhus.
856 3993 897 4054 ad
917 3993 1037 4053 Tibull.
1055 3993 1115 4067 111,

1 4095 2 4112 ¹
122 4084 155 4148 4,
172 4100 224 4166 29.
242 4092 277 4138 et
291 4079 453 4144 Schrader.
469 4078 508 4139 ad
525 4081 695 4140 Musaeum
711 4101 743 4160 p.
762 4099 829 4157 ¹72·
846 4099 894 4162 sq.
936 4079 1032 4140 Harl.

82 4165 134 4233 80.
156 4161 309 4234 λιπόντων
329 4185 370 4224 ex
382 4185 430 4248 pr.
448 4163 520 4225 edd.
536 4179 568 4225 et
586 4163 656 4225 cdd.
675 4163 806 4245 optimis
826 4177 1017 4224 revocarunt
1029 4160 1121 4222 Reis-

1 4245 2 4340 l
128 4254 168 4312 ke
185 4263 221 4311 et
239 4249 401 4325 Brunca,
436 4265 535 4332 atque
561 4247 740 4336 probarunt
764 4247 876 4312 Valcls.
901 4263 933 4308 et
950 4247 1120 4320 Warton.·‚
