2874 5018
202 393 292 462 ’σε
409 355 724 466 εοοοονινον
744 395 1058 462 mammon
1083 386 1119 460 σ.

231 563 393 670 Μανρόν
406 566 569 647 οἶνοίῦσαν
577 624 592 661 ,
618 567 678 661 χὀί
690 563 849 662 βαιόλος
864 571 1072 662 ἑξεγίλαεεν.

632 676 672 748 Β
677 673 719 746 Α
729 676 897 748 ΤΤΟΣ.

228 770 287 850 Ὦ
305 773 463 872 χαρίεσσ’
484 773 712 873 Ἀμαζιολλί,
738 770 854 868 μόνας
868 776 977 848 σέθεν
994 769 1079 847 slot
1093 773 1282 858 θοινσίσας

232 874 479 972 Λασείμεσοῗ·
506 875 594 952 ὅσον
619 873 715 971 αίγες
739 877 821 972 ἐμίν
845 875 972 973 φίλαι,
999 875 1111 950 ὅσσον
1127 873 1308 971 α’τιίσβας.

234 981 294 1059 Aa*
305 983 349 1053 αί
361 980 414 1054 τοί
428 979 565 1080 σκληραί
580 975 681 1075 μοίλα
697 979 882 1072 δαίμονος,
913 979 952 1061 ds
966 1006 1015 1073 με
1035 973 1195 1078 λελόγχη.
1254 991 1309 1051 40

144 1143 153 1181 X
604 1083 927 1157 ΚοΡεΔιιΝ.

238 1183 385 1283 Θαρσῆν
408 1179 500 1284 χρή,
526 1185 609 1284 φίλε
628 1178 767 1262 Boius·
793 1180 873 1276 τάχ’
896 1183 1027 1284 αὔριον
1051 1181 1163 1260 ἔσσετ’
1185 1183 1309 1281 ἄμει-

244 1342 249 1352 .
820 1313 897 1361 νον.

237 1384 402 1471 Ἐλπίδος
419 1395 456 1464 ἑν
472 1397 624 1478 ζωοῖσιν·
661 1387 873 1466 ἀνέλπιστοι
890 1391 929 1463 δὲ
946 1383 1134 1472 θανόντες.

238 1487 288 1566 Χ
290 1489 317 1564 ω’
331 1484 424 1575 Ζεύς
437 1492 573 1568 ἄλλοισι
587 1492 656 1589 μὲν
677 1496 777 1566 σέλει
791 1496 938 1588 αἴθριος
944 1547 958 1584 ,
985 1492 1121 1568 όλλσνα
1136 1487 1166 1567 d'
1182 1492 1255 1568 ὕει.

479 1667 483 1674 .
635 1599 675 1671 Β
680 1596 723 1671 Α
733 1599 902 1669 ΤΤΟΣ.

241 1697 400 1792 Θαρσίω.
435 1692 546 1793 βοίλλο
563 1691 707 1771 κοίτωθε
722 1692 771 1770 τοί
785 1695 932 1790 μοσχία·
959 1693 1024 1778 τοῖς
1040 1691 1111 1794 γοίρ
1129 1699 1257 1782 ἐλαίας

205 1883 210 1894 ‚
243 1793 316 1874 Τόν
344 1796 485 1876 θαλλόν
514 1795 695 1900 τροίγοντι
727 1793 778 1874 τοί
807 1794 954 1873 δείσασα.
995 1797 1092 1875 cird’
1118 1797 1138 1875 ό
1161 1804 1311 1900 λείταρ-

823 1929 895 1998 γσς.
941 1965 942 1968 ,
1257 1907 1311 1976 45

243 2073 453 2100 m

299 2166 340 2228 In
365 2190 430 2254 seq.
449 2191 544 2233 versu
564 2169 734 2256 ἕξεγίλαξεν
751 2167 895 2232 Brunck.
915 2182 949 2232 et
968 2167 1125 2234 Valcken.
1146 2169 1182 2230 in
1204 2173 1313 2232 altere

303 2251 451 2316 editione
465 2277 526 2338 pro
539 2259 741 2340 ἐξεγέλασσεν.
765 2256 818 2338 [V.
833 2253 989 2318 Valcken.
1004 2257 1039 2316 in
1055 2255 1163 2340 Epist.
1179 2253 1221 2317 sd
1239 2255 1313 2317 Ro·

304 2359 368 2399 ver.
384 2343 406 2400 Ι.
423 2361 449 2400 c.
472 2341 527 2423 K.]
572 2343 671 2403 Harl.

261 2415 312 2506 59.
334 2421 430 2490 ὅσσον
452 2425 613 2506 posterius
635 2440 684 2488 est
705 2423 790 2488 idem
814 2423 903 2510 quod
924 2418 1032 2502 τόσον,
1063 2425 1095 2488 h.
1110 2445 1138 2488 e.
1153 2424 1311 2492 τοσοῦτον.

305 2505 375 2571 vid.
391 2507 498 2571 Schol.
514 2509 592 2572 item
607 2511 801 2596 interpretes
823 2509 864 2572 ad
878 2510 1004 2574 Gallim.
1018 2511 1061 2572 H.
1078 2510 1114 2571 in
1127 2509 1238 2593 Apoll.
1257 2505 1313 2594 94.

306 2591 376 2663 οὐδὲ
389 2591 476 2660 πόλει
489 2589 550 2660 τόσ’
564 2593 681 2679 ἔνειμεν
697 2595 860 2680 όφίλσιγια,
881 2593 981 2663 τόσσα
996 2593 1134 2680 Κυρήνῃ.
1168 2595 1250 2676 [Hic
1268 2595 1314 2654 al·

307 2691 411 2740 terum
431 2677 529 2746 τόσσα
550 2697 597 2743 est
616 2704 675 2764 pro
696 2682 834 2744 relativo
856 2679 949 2757 ὅσσα,
977 2694 1013 2740 vt
1027 2701 1074 2741 vs.
1088 2677 1140 2743 81.
1184 2681 1237 2741 Ita
1264 2692 1314 2739 et·
1386 2739 1391 2750 ⁸

307 2761 370 2823 iam
391 2764 478 2847 opud
496 2765 592 2826 Pind.
609 2767 704 2830 Nem.
719 2767 777 2840 IV,
801 2764 831 2828 6.
846 2762 877 2826 8·
900 2764 1056 2831 τόσον-
1077 2759 1195 2828 τόσσον.
1240 2760 1313 2847 Igi-

306 2861 360 2906 tur
375 2848 414 2908 eb
435 2848 486 2908 his
500 2850 606 2931 poetis
623 2862 736 2910 tantur
759 2880 802 2896 -·
824 2861 964 2928 quantos
986 2845 1167 2928 promiscue
1183 2843 1315 2907 dieitur

305 2945 339 2991 et
352 2931 422 3010 ὅσος
436 2967 479 2982 -
491 2936 578 3008 ὅσος,
601 2947 634 2994 et
645 2928 735 3004 τόσος
747 2965 792 2980 -
803 2931 905 3006 τόσος.
950 2929 1068 2992 Oratio
1081 2944 1188 2989 autern
1204 2928 1313 2992 nostri

305 3017 383 3094 loci,
396 3018 431 3076 in
447 3039 513 3101 quo
530 3015 678 3076 vsitotem
695 3014 730 3074 in
749 3013 1043 3097 comparationibus
1059 3012 1190 3074 dicendi
1206 3015 1313 3076 retio-

308 3121 382 3160 nem
397 3098 629 3184 animadvertes
645 3097 730 3177 (vid.
738 3097 778 3158 ed
787 3103 813 3176 I,
824 3103 870 3182 7.)
886 3097 1173 3183 compendiariam,
1197 3098 1246 3160 sic
1262 3111 1314 3160 est

310 3183 509 3268 supplenda:
531 3183 604 3250 ὅσον
617 3191 650 3250 ai
665 3184 749 3268 αἶγες
765 3185 833 3268 ἐμοί
847 3188 937 3267 φίλαι
952 3189 1024 3260 εἰσί,
1044 3185 1170 3272 τοσοῦτο
1182 3180 1223 3249 σοί
1235 3187 1314 3270 φίλη

307 3271 362 3346 ilc,
384 3267 558 3350 οἳοίοτίσβης
572 3268 595 3333 i.
610 3291 639 3334 e.
655 3267 822 3346 ἀπέθανες.
855 3269 1013 3332 Vltimum
1027 3269 1171 3345 verbum,
1189 3267 1229 3328 de
1243 3288 1311 3351 quo
1408 3273 1417 3296 l

307 3356 388 3418 citet
401 3355 532 3426 ,Herles
550 3355 657 3416 Klotz.
674 3353 713 3416 sd
729 3357 903 3438 Tyrtaeum
919 3376 953 3437 p.
970 3353 1021 3420 23.
1038 3375 1083 3438 sq.
1097 3352 1148 3414 ed.
1163 3351 1311 3428 Attene..

308 3461 376 3501 non
392 3437 652 3524 debebstBriggs
667 3454 790 3500 mutare
807 3441 841 3500 in
855 3441 999 3516 οἷαίστας.
1020 3439 1152 3518 Κίεοοί.]
1173 3471 1215 3484 -
1233 3437 1311 3498 Bat-

307 3538 370 3603 tes,
394 3524 547 3586 memoria
565 3523 778 3606 Amaryllidos
793 3539 911 3603 motus,
935 3525 970 3585 in
985 3543 1108 3586 summo
1123 3526 1215 3583 luctu
1230 3542 1311 3605 psu-

306 3609 391 3685 eis‚'
405 3622 438 3669 ot
459 3609 607 3692 gravibus
631 3623 664 3670 et
708 3623 813 3672 estore
838 3609 945 3695 dignis
966 3607 1073 3674 ¹verbis
1096 3627 1164 3669 eam
1184 3604 1309 3680 laudet,

306 3693 411 3779 iisque
426 3693 568 3754 animum
581 3631 803 3778 perturzetum
825 3695 905 3756 bene
921 3692 1068 3756 declarat.
1114 3693 1211 3752 Harl.

263 3775 316 3846 40.
339 3775 482 3862 ἕλελόγχη
507 3799 580 3838 cum
602 3777 700 3839 duob.
722 3777 793 3841 cdd.
809 3779 914 3842 Vetic.
930 3777 1077 3862 reposuit
1097 3773 1238 3836 Brunclt.
1263 3775 1312 3853 (et

307 3863 354 3924 sic
370 3867 422 3926 vel
434 3889 472 3944 με
489 3859 612 3948 λελόγχη
628 3861 692 3924 duo
702 3865 809 3941 Flor.,
834 3863 913 3926 item
930 3863 1072 3948 optimus
1079 3859 1197 3932 Paris,
1222 3857 1311 3922 sede

306 3948 520 4026 correctione.
543 3949 596 4023 Κ.)
617 3971 656 4030 με
675 3945 811 4035 λελόγχει
832 3949 917 4046 Aug.
941 3963 974 4010 et
996 3947 1090 4030 Lips.
1116 3971 1153 4028 με
1176 3944 1312 4028 λέλογχεν

306 4031 524 4097 Valckenario
547 4033 673 4116 placuit
694 4031 812 4118 (idque
829 4033 964 4098 exhrbet
980 4030 1040 4094 Cd.
1058 4028 1176 4109 Med).
1221 4027 1309 4090 Idem

310 4117 452 4196 monuit,
475 4113 689 4180 Theocritum
703 4139 764 4204 pro
781 4117 897 4182 vsitsta
911 4130 1072 4192 structura
1086 4115 1122 4184 ὅν
1136 4137 1171 4201 γε
1185 4117 1314 4200 λέλογχα
