2878 5016
389 1059 895 1240 erras

429 1365 705 1430 IDYLLION
747 1363 859 1430 x111.

114 1583 215 1704 Non
230 1635 327 1702 nobis
342 1635 421 1702 solis
436 1633 598 1704 Amorem
613 1636 762 1725 peperit,
783 1647 824 1701 vt
838 1635 1098 1718 arbitrabamur,

115 1741 215 1824 Nicia,
238 1738 425 1825 cuicunque
439 1738 572 1804 tandem
597 1741 738 1806 deorum
755 1739 809 1804 hic
829 1761 917 1828 puer
929 1752 1029 1806 uatus
1046 1751 1109 1806 ests

115 1841 187 1909 Non
198 1841 296 1908 nobis
313 1844 431 1931 pulcra
453 1842 574 1930 primis
590 1842 705 1930 pulcra
719 1839 878 1906 videntur
893 1864 976 1934 esse,

117 1943 184 2032 Qui
197 1945 359 2010 mortales
372 1967 500 2027 sumus,
522 1955 555 2008 ct
569 1943 754 2010 crastinum
768 1965 835 2008 non
854 1943 1022 2011 videmus:

64 2085 66 2088 ·
116 2043 176 2112 Sed
189 2048 295 2114 otiam
311 2045 564 2133 Amphitryonis
585 2045 689 2114 ferrei
707 2043 851 2134 pectoris
866 2046 966 2131 filius,

118 2148 183 2234 Qui
196 2171 338 2216 saevum
355 2149 488 2216 leonem
505 2147 666 2227 substitit,
688 2149 815 2215 amavit
826 2172 988 2240 puerum,

117 2247 313 2317 Formosum
334 2253 463 2342 Hylan,
501 2251 594 2318 crine
616 2249 788 2344 decorum,

116 2429 319 2452 *—

162 2553 246 2596 Ιιοιι.
264 2554 296 2615 p.
315 2529 384 2599 155.
406 2534 540 2611 Χίοισι]
562 2567 605 2582 -
626 2527 718 2618 ἦμεν,
739 2547 775 2596 vt
789 2533 885 2597 ctiam
908 2529 959 2598 cd.
974 2529 1107 2610 seleth,
1132 2553 1172 2596 ex

175 2619 246 2681 cdd.
262 2619 313 2702 (in
329 2618 448 2704 quibua
465 2619 562 2682 etiam
577 2620 659 2702 εἶμες
671 2633 704 2680 et
719 2619 802 2704 elpes
817 2623 879 2700 est)
894 2618 1035 2682 Brunclt.
1056 2651 1099 2666 -
1119 2618 1172 2700 Ad

175 2725 255 2766 vers.
271 2703 302 2766 4.
318 2725 456 2786 compar.
479 2705 595 2765 Anser.
612 2701 674 2765 Od.
691 2704 763 2765 XV.
779 2724 827 2768 10.
841 2703 954 2788 ibique
966 2703 1097 2764 Barnes.
1112 2703 1173 2764 Fa·

177 2787 230 2850 ber
246 2801 279 2850 et
301 2789 445 2852 Fischer.
454 2788 580 2850 Gallim.
598 2789 711 2874 Epigr.
721 2787 793 2852 XV.
816 2788 882 2875 [Ad
897 2807 977 2850 vers.
993 2785 1023 2852 5.
1038 2785 1068 2850 4.
1083 2790 1171 2852 coni.

173 2873 286 2937 Valclt.
301 2875 335 2934 in
350 2873 453 2957 Epist.
468 2871 509 2934 ad
524 2875 643 2936 vaer.
658 2895 691 2956 p.
706 2874 773 2936 XII
786 2895 831 2959 sq.
853 2875 906 2956 K.]
929 2873 1050 2936 Vltima
1065 2887 1171 2936 tamen

175 2979 283 3021 versus
297 2957 328 3023 4.
343 2957 437 3022 verba
451 2955 490 3025 sd
509 2991 553 3008 -
573 2959 727 3043 ἐσορῶμες
742 2967 814 3042 (pro
836 2979 901 3044 quo
916 2957 1080 3042 deoperitur
1095 2958 1171 3019 Val-

176 3044 328 3114 ckenario
350 3043 513 3128 scripsisse
532 3043 662 3105 videtur
680 3043 908 3123 Theocritus),
941 3063 1132 3127 quamquam
1152 3065 1172 3104 a

175 3129 238 3194 Gre
261 3131 333 3190 orio
356 3127 397 3191 de
418 3128 493 3190 dial.
516 3149 548 3212 p.
568 3125 608 3208 7ss
623 3153 667 3188 ==
682 3126 751 3194 181.
771 3127 961 3204 laudantur,
991 3149 1069 3187 num
1087 3149 1172 3190 com·

176 3151 301 3276 morisim
319 3213 460 3274 fundant
481 3213 689 3291 sententiam,
714 3212 854 3299 quidque
869 3212 909 3274 ad
922 3211 1172 3297 intelligentiam

174 3299 293 3382 prioris
314 3319 425 3362 versus
447 3297 587 3374 faciant,
619 3297 766 3382 equidem
790 3296 934 3359 nondum
953 3302 1049 3380 plane
1062 3295 1170 3359 video.

176 3385 326 3446 Forsitan
343 3381 509 3445 alibrsrio
532 3383 643 3466 aliquo
660 3402 701 3443 ex
720 3383 785 3444 alio
808 3383 965 3467 scriptore
980 3381 1170 3464 explicatio·
1278 3429 1284 3445 .

176 3469 226 3528 nis
241 3467 343 3553 gratia
358 3487 433 3546 orae
447 3465 605 3548 adscripta
622 3467 657 3527 in
675 3481 801 3529 textum
815 3479 983 3528 venerunt.
1028 3465 1080 3526 An
1093 3487 1171 3528 vero

176 3568 271 3638 poeta
286 3552 513 3615 mortalitatem
529 3550 671 3612 hominis
689 3551 924 3613 immortalitati
939 3549 1066 3626 herois,
1089 3549 1171 3611 Her·

175 3639 272 3714 culis,
297 3657 460 3720 opponere
482 3637 607 3712 voluit,
633 3633 900 3719 quemadmodum
915 3633 1107 3698 scholiastes
1130 3632 1173 3694 ad

160 3744 221 3786 .vs.
246 3720 295 3787 13.
317 3729 426 3785 locum
456 3721 652 3783 intellexisse
681 3719 837 3783 videtur?
873 3721 1002 3804 [Etiam
1027 3715 1172 3780 Dahliua

175 3805 262 3870 hunc
278 3828 407 3868 versum
423 3827 440 3866 a
454 3827 513 3867 suo
535 3808 609 3865 loco
629 3805 767 3868 alienum
784 3819 817 3867 et
832 3805 994 3867 alibrario
1009 3804 1170 3888 ingestum

175 3909 278 3976 putat.
300 3890 400 3976 Quod
411 3889 570 3951 iudicium
583 3890 773 3973 neutiquam
781 3904 829 3951 est
840 3888 1051 3975 probandum.
1074 3885 1171 3946 Haud

176 3975 274 4039 dubie
295 3975 384 4039 cuim
406 3974 461 4037 hic
484 3973 632 4036 homines
661 3977 811 4034 mortales
836 3972 1010 4037 immortali
1036 3969 1172 4031 Herculi

175 4075 396 4146 opponuntur.
439 4059 552 4122 Nolim
573 4071 678 4120 tamen
692 4063 800 4120 locum
819 4060 999 4142 explicare,
1022 4069 1058 4118 vt
1072 4051 1171 4115 Scho-

175 4143 465 4210 liastcsadvs.'15.
482 4143 617 4228 σήμερον
630 4143 742 4228 ζῶμεν,
766 4145 873 4228 αὔριον
886 4147 919 4210 δὲ
940 4134 1170 4218 τεθνηξόμεθα*

176 4251 268 4316 quem
284 4231 434 4317 sequitur
449 4227 676 4303 Caseubomn,
701 4226 755 4291 sed
767 4229 877 4314 potius
892 4249 962 4289 cum
977 4220 1114 4286 Reishio
1130 4241 1170 4280 ex
1298 4295 1299 4298 Ἴ
