2916 5020
534 1385 1049 1464 ARGVMENTVM

609 1575 965 1635 1DYLL1111.

344 1919 460 1982 Pastor
490 1915 620 2004 quidam
652 1915 864 2002 Daphnidem
899 1930 933 1978 et
959 1915 1145 1979 Menalcam
1173 1911 1323 1996 praemiis

260 2019 443 2104 propositis
459 2019 499 2082 ad
521 2035 649 2082 cantum
670 2021 877 2084 invitaverat.
920 2017 976 2080 Illi
998 2017 1101 2103 igitur
1123 2015 1257 2078 alternis
1276 2035 1324 2077 ca·

259 2135 345 2181 nunt
365 2155 410 2170 -
431 2143 482 2186 21.
499 2121 576 2207 Quo
593 2123 733 2185 carmine
747 2121 854 2198 linito,
879 2121 908 2182 is
925 2140 949 2182 a*
960 2141 1026 2202 quo
1034 2117 1206 2202 provocati
1222 2133 1323 2194 erant,

260 2222 401 2306 praemis
424 2223 579 2308 promissa
602 2221 787 2298 distribuit,
834 2243 945 2285 eorum
967 2218 1249 2284 commendatione
1269 2219 1328 2282 ad·

260 2322 329 2385 dits
350 2359 395 2376 ·-
416 2323 468 2390 25.
491 2329 575 2388 Tum
589 2327 660 2410 ipse
677 2323 773 2388 breve
794 2345 919 2388 carmen
936 2325 970 2384 in
983 2321 1111 2384 laudem
1123 2343 1259 2407 poeseos
1271 2321 1327 2383 bus

263 2425 387 2486 colicae
418 2425 543 2489 adiicit.
593 2429 660 2490 Res
690 2425 777 2490 inter
808 2447 921 2514 greges
947 2441 1116 2510 pascentes
1147 2423 1265 2512 agitur.
1287 2456 1330 2475 ι-

240 2513 481 2591 ΎιΙοΙιοηετίο
505 2529 540 2590 in
563 2531 713 2616 Epistola
735 2527 776 2590 ad
796 2530 919 2594 Rdver.
937 2550 971 2613 p.
994 2527 1084 2592 XIV.
1105 2523 1185 2588 buic
1206 2523 1331 2609 Idyllio

264 2629 420 2713 quaedam
431 2629 585 2695 videntur
599 2631 643 2696 ad'
653 2627 871 2696 exornandam
879 2651 1008 2692 scenam
1016 2628 1196 2692 necessaria
1206 2627 1332 2690 ‚deesse-

264 2731 433 2796 Iacobains
448 2749 568 2812 censet,
583 2755 625 2796 eas
639 2731 842 2796 Theocriteis
857 2730 1053 2795 centonibus
1067 2729 1103 2792 id
1117 2729 1332 2813 compositum

266 2852 352 2908 esse,
377 2832 441 2895 hoc
453 2833 531 2896 inde
548 2834 707 2919 intelligi,
732 2831 822 2918 quod
836 2833 877 2908 ,ab
894 2833 993 2896 initio
1010 2855 1060 2906 res
1081 2845 1157 2894 ante
1171 2835 1333 2894 lectorum

267 2936 380 2996 oculos
396 2949 543 3019 geratur,
567 2957 645 2998 mox
661 2957 694 2998 v.
715 2933 761 2998 14.
777 2949 811 2997 et
829 2951 880 2997 22.
898 2949 1012 2998 auctor
1034 2933 1196 3020 propositi
1210 2933 1262 2996 sui
1277 2931 1335 2998 ob·

265 3035 347 3097 litus
360 3051 522 3120 pastorem
539 3035 659 3111 omnia,
682 3057 748 3121 quo
763 3034 861 3098 modo
875 3035 1040 3112 actasint,
1064 3050 1265 3096 enarrantem
1279 3055 1335 3096 ex·

267 3131 388 3201 bibeat.
434 3137 606 3200 Genuinos
625 3157 692 3200 csse
714 3152 749 3200 et
765 3157 839 3200 vere
854 3136 1072 3200 Theocriteos
1086 3157 1148 3200 vas.
1165 3157 1196 3221 7.
1217 3165 1263 3188 -··
1286 3132 1334 3202 15.

267 3251 301 3298 et
324 3259 387 3300 vsa.
410 3239 459 3305 15.
475 3272 519 3290 --
533 3256 585 3301 21.
604 3252 639 3299 at
653 3259 715 3300 vas.
735 3260 762 3302 1.
774 3235 861 3304 -6.
883 3237 922 3300 ab
944 3238 1052 3300 aliena
1074 3259 1174 3300 manu
1198 3251 1335 3300 uentos.

265 3369 309 3388 -
338 3339 445 3401 Nobis
475 3338 754 3402 considerantibus
777 3361 923 3428 magnam
952 3341 1061 3425 poetis
1094 3339 1130 3401 in
1159 3339 1337 3402 carminum

269 3441 459 3503 oeconomia
473 3439 660 3503 adornanda
684 3461 866 3504 concessam
878 3441 1072 3519 libertatem,
1097 3455 1130 3504 et
1144 3459 1339 3525 comparan-

268 3539 354 3602 tibus
369 3541 505 3628 Virgilii
527 3543 684 3630 Eclogam
700 3543 777 3608 VH.
794 3544 831 3606 in
852 3565 914 3630 qua
930 3543 1118 3606 Meliboeus
1142 3556 1251 3606 toturn
1273 3565 1339 3608 car·

267 3665 359 3722 mon,
385 3667 451 3730 quo
477 3644 662 3729 Corydonis
686 3661 720 3709 et
736 3645 910 3731 Thyrsidis
930 3667 1042 3708 versus
1066 3643 1186 3712 alterni
1203 3647 1341 3710 recitan-

269 3759 341 3821 tur,
377 3751 466 3808 solus
494 3745 661 3824 decantat,
697 3748 843 3812 omnium
875 3746 1015 3808 maxime
1037 3743 1156 3808 arridet
1179 3748 1343 3811 sententis

270 3844 489 3909 Bindemsnni
513 3863 546 3910 et
569 3849 833 3927 Finkensteinii,
858 3847 1141 3925 existimantium,
1172 3869 1231 3932 per
1254 3847 1343 3934 Idyl·

272 3946 354 4008 lium
367 3963 475 4011 totum
493 3955 597 4012 solum
615 3967 776 4035 pastorem
798 3955 983 4038 loquentem
1002 3949 1094 4028 sisti,
1119 3949 1177 4036 qui
1198 3949 1345 4016 auditori

273 4047 372 4114 alicui
396 4055 538 4116 alternos
554 4053 746 4138 Daphnidis
770 4067 805 4116 et
823 4054 997 4116 Menalcae
1016 4053 1195 4116 versiculos
1221 4075 1261 4116 ex
1283 4073 1348 4118 mc·

273 4153 378 4216 moria
402 4153 518 4218 recitet
546 4155 710 4244 simulque
733 4170 860 4243 repetat
884 4177 1030 4236 carmen,
1065 4153 1154 4243 quod
1174 4155 1246 4242 ipse
1265 4169 1346 4238 tun,
