2878 5016
193 433 256 506 552
353 434 661 504 ororrrror
688 431 1008 498 etArAAJoN
1038 425 1097 514 rr.

191 606 429 711 Βριθόμειος
443 599 677 702 στεφάνοισιν
693 597 757 702 irio
774 609 808 685 ἐς
823 599 949 702 μητέρ’
971 599 1147 702 εἰσῆλθεν.

121 709 125 720 ’
185 717 358 810 Ὄλβιος,
385 712 485 792 ὅστις
500 709 604 782 παισὶ
621 700 812 804 φιλήματα
827 707 1082 800 sciscitaturi.
1228 742 1233 751 -

186 815 323 896 Ἠπσυ
332 809 398 889 τοι
406 805 568 907 χαροπόν
581 813 620 884 Γ
615 803 801 906 conpariles
808 803 908 883 πόλλ’
917 813 1138 904 ἑπιβοστρεΐ
1132 865 1148 899 ,
1201 813 1252 884 35

191 922 311 1017 Λυδίῃ
329 918 407 991 ἶσοι
424 918 518 1006 ἔχειν
539 915 653 1010 πέτρῃ
671 907 816 1007 στόμα,
842 905 977 1007 χρυσον
994 910 1101 1008 ὀπυίῃ

192 1019 430 1108 Halteras,
461 1009 516 1113 μή
529 1015 694 1114 φαῦλον.
727 1010 932 1114 ἐτήτυμον.
968 1011 1255 1113 &rottrodu-

198 1195 392 1216 —n——-

211 1285 261 1353 54.
283 1284 404 1368 deutris
423 1276 581 1366 φιλήματα
602 1295 690 1344 recte
711 1305 784 1344 cum
797 1286 872 1345 loco
888 1280 1022 1344 Moschi
1037 1283 1098 1345 111.
1122 1277 1174 1346 84.
1195 1287 1254 1350 ecl

248 1376 367 1438 παίδων
380 1373 516 1435 ἐδίδασκε
537 1363 706 1450 qslripcrr,
729 1389 901 1448 puerorum
920 1367 1109 1449 explorabat
1122 1373 1249 1446 orcula,

252 1468 416 1539 comparat
431 1453 576 1514 Moebs’rtr
594 1453 649 1514 ins
672 1451 886 1528 Athenaeum,
908 1449 1040 1514 humsn.
1057 1452 1254 1516 zeitschrift

250 1541 396 1624 hersusg.
412 1561 442 1598 v.
461 1537 612 1600 Giinther
625 1561 658 1602 u.
673 1535 902 1600 Wschsmuth.
924 1541 966 1600 11.
980 1535 1039 1600 Bd.
1053 1540 1079 1601 Ι.
1091 1538 1135 1600 Η.
1150 1560 1184 1624 Ρ.
1197 1537 1252 1614 86.

250 1648 263 1687 s
312 1673 319 1686 .
365 1625 481 1684 Kiessl.

206 1713 257 1781 55.
266 1647 324 1789 qsilq
338 1708 467 1796 quidam
492 1705 565 1770 cdd.
581 1707 648 1782 (De
661 1705 798 1794 perrunde
812 1707 877 1769 vid.
900 1707 938 1771 sd
954 1709 1028 1772 XX.
1045 1708 1109 1790 25.)
1124 1742 1168 1759 -
1179 1713 1253 1776 ε’πι-

247 1797 333 1882 βωιᾷ
356 1793 496 1857 Brunctr
519 1791 660 1876 recepit,
691 1813 785 1876 quum
808 1794 981 1856 lectionem
1003 1794 1159 1856 exhibent
1170 1793 1248 1874 ‚cdd

246 1885 401 1946 Lsurent.
422 1876 592 1939 Benedict.
614 1877 758 1940 Florent.
781 1900 844 1940 rec.
866 1895 899 1942 et
921 1877 1053 1963 quidam
1074 1879 1246 1955 Vaticanig

247 1989 306 2030 nec
316 1963 467 2026 dissentit
476 1961 587 2022 Vatck.
596 1961 652 2023 alii
661 1965 847 2046 ἕπιβωσιρᾷ.
858 1963 987 2046 [Schell.
998 1963 1133 2108 {napoli}
1142 1965 1245 2049 Equi·

244 2052 316 2114 dem
330 2053 495 2132 vulgatum
509 2049 666 2128 praefero.
690 2047 787 2110 Conf.
802 2048 938 2132 Gregor.
954 2047 1029 2111 Cor.
1053 2049 1093 2109 de
1136 2049 1245 2110 inlect.

246 2159 279 2222 p.
297 2131 427 2198 2851:
454 2131 524 2196 151.
540 2131 652 2216 ibique
674 2134 779 2194 Koen.
803 2134 902 2198 Harl.
922 2130 1144 2216 'Eurfiwmpri‚
1172 2155 1246 2194 cum

244 2240 309 2308 quo
325 2218 411 2281 conf.
432 2213 530 2300 Idyll.
547 2215 585 2278 V.
602 2215 651 2280 64.
669 2215 906 2302 βωσερῆσομες,
936 2219 1032 2280 vnicc
1046 2240 1156 2279 verum
1175 2239 1246 2280 esse

243 2304 378 2372 indicat.
410 2301 501 2365 citat
515 2298 645 2386 quidem
664 2303 813 2366 Euststh.
831 2302 871 2364 sd
891 2301 987 2365 Iliad.
1007 2311 1040 2385 β.
1054 2325 1086 2386 Ρ.
1112 2299 1183 2366 288.
1199 2329 1246 2360 =

245 2379 322 2456 218..
335 2409 382 2452 tt.
401 2387 547 2470 ἔπιβοιτᾷ,
569 2385 625 2448 sed
642 2409 681 2447 sn
692 2409 732 2450 ex
742 2386 931 2464 Theocrito,
954 2387 1113 2449 incertum
1129 2402 1187 2451 est.
1200 2391 1245 2450 K.

199 2477 251 2566 57.
273 2472 393 2537 Reiske
422 2491 462 2532 ex
492 2471 625 2556 ingenio
649 2472 812 2556 rescripsit
833 2475 964 2557 φαῦλοι,
998 2495 1062 2534 non
1089 2477 1246 2554 imperiti,

241 2583 305 2626 non
318 2558 544 2632 contemnendi,
565 2555 620 2618 sed
636 2578 738 2619 rerum
753 2580 886 2619 suarum
900 2560 1111 2640 intelligentes
1127 2579 1247 2641 orgen-

242 2649 345 2709 torr'i:
367 2641 483 2726 probst
506 2639 636 2728 quidem
650 2641 818 2722 Warton.,
849 2659 882 2706 et
901 2643 1056 2706 Valckcn.
1078 2643 1167 2704 haud
1189 2644 1245 2705 ub-

240 2729 336 2795 surde
352 2725 554 2796 emendatum
575 2747 643 2788 esse
659 2725 794 2800 iudicet.
825 2729 898 2815 Ego
914 2750 992 2791 vero
1014 2751 1085 2790 cum
1106 2729 1244 2813 Toupio

241 2819 276 2877 in
293 2811 439 2874 Addend.
455 2812 540 2872 nihil
553 2810 742 2872 mutandum
757 2833 825 2874 esse
844 2811 991 2876 arbitror.
1014 2813 1074 2874 Est
1092 2810 1246 2898 ἐτήτυμον

239 2896 434 2972 πεύθεσθαι,
459 2917 527 2957 vere
546 2910 580 2956 et
602 2909 755 2956 accurate
769 2901 948 2980 explorare.
976 2899 1114 2962 Sensus:
1145 2902 1243 2962 invo-

240 3001 292 3048 cat
305 2980 544 3064 Ganymedem,
575 2993 611 3040 vt
627 3001 680 3055 os,
705 3001 771 3063 quo
784 2985 934 3064 exploret
947 2987 1076 3057 oscula,
1100 2984 1244 3066 recipiet

239 3090 342 3154 seque
356 3065 530 3142 idoneum,
554 3085 591 3124 ac
605 3065 778 3148 argentarii
793 3064 914 3128 habent
929 3065 1075 3150 Lydium
1084 3065 1240 3151 lapidem,

239 3176 303 3242 quo
325 3149 369 3238 μή
383 3153 518 3235 φαῦλοι,
549 3169 657 3210 verum
673 3171 850 3230 premensque
872 3173 983 3213 surum
1005 3153 1162 3212 adcurate
1183 3175 1243 3214 ex.

237 3245 365 3324 plorare
390 3241 511 3310 solent,
549 3233 581 3295 h.
603 3254 631 3294 e.
651 3246 687 3296 vt
706 3233 869 3298 subtiliter
890 3235 1105 3320 adcurateque
1128 3242 1241 3300 oscula

240 3329 407 3406 explorare
431 3334 463 3382 et
487 3318 677 3406 dignoscere
706 3321 820 3401 possit
849 3322 975 3403 Lydius
995 3325 1082 3404 lapis
1111 3321 1148 3382 in
1162 3343 1242 3406 pro·

234 3407 380 3472 verbium
395 3404 486 3468 abiit.
504 3427 534 3466 v.
551 3403 657 3466 Mich.
672 3403 821 3486 Apostol.
836 3405 989 3469 Proverb.
1005 3405 1139 3470 Centur.
1162 3409 1238 3471 XII.

118 3491 120 3501 '
236 3491 290 3560 56.
309 3489 348 3552 sd
364 3511 458 3574 quern
478 3493 585 3550 locum
605 3486 671 3548 rid.
692 3489 819 3552 Pontin.
840 3511 872 3574 p.
888 3489 961 3555 525.
983 3489 1065 3552 adde
1079 3493 1237 3556 Warton.

237 3579 271 3639 in
288 3573 442 3636 Ardent·
459 3575 556 3638 Harl.
580 3573 725 3634 Grsefius
747 3574 945 3657 suspicetur:
975 3567 1119 3643 urddm’
1139 3581 1171 3643 εἰ
1188 3577 1241 3662 μοὶ

235 3663 363 3746 φαῦλος·
378 3675 476 3742 etque
485 3656 825 3742 prilorscribendurn,
840 3661 996 3744 opinatur
1008 3662 1105 3724 etism
1114 3662 1237 3724 Schne-

235 3747 334 3808 lerus.
363 3745 472 3804 Locus
495 3741 640 3804 nondum
668 3743 840 3803 restitutus
865 3745 1006 3808 videtur.
1037 3747 1239 3830 Requiritur

232 3831 314 3892 hsec
332 3827 505 3890 sententis:
535 3849 595 3908 quo
610 3847 724 3886 curum
737 3829 922 3908 explorant,
952 3835 1035 3892 sitne
1056 3832 1237 3913 reprobum,

235 3939 280 3978 on
291 3913 435 3996 probwn.
467 3912 576 3997 Qu'um
590 3911 625 3972 in
647 3933 765 3996 genere
780 3914 1012 3977 attractionum
1029 3937 1237 4002 sermogrte-

235 4023 291 4064 cus
318 4003 417 4059 mults
444 3997 628 4080 permittet,
658 3996 797 4058 forsitan
826 3999 944 4085 φαῦλοι
967 4001 1145 4086 genuinum
1167 4015 1234 4080 est,

235 4087 280 4147 its
297 4101 344 4160 vt,
362 4103 443 4166 quse
454 4081 681 4185 hielegunpur,
706 4078 792 4142 diets
807 4082 966 4146 censendo
978 4085 1114 4168 sintpro
1123 4083 1235 4150 hisce:
1318 4111 1324 4118 ·

231 4170 276 4258 μή
290 4175 393 4254 (Μ)
406 4169 521 4256 wll&
534 4167 555 4246 ’l
568 4162 715 4252 ἶΐητνμᾶς
731 4169 824 4235 ἔστιν.
868 4173 984 4232 Kiessl.
