2916 5020
499 1069 1137 1139 Anconnnrnn·

576 1257 830 1315 IDYLLII
863 1257 944 1319 vn.

314 1503 352 1566 In
366 1499 431 1562 hoc
448 1499 581 1583 Idyllio,
598 1498 769 1575 abrorum,
796 1497 966 1560 hominum
982 1513 1015 1560 et
1028 1502 1191 1577 locorum*
1207 1521 1296 1584 quse
1370 1523 1374 1537 ·

229 1605 264 1665 in
284 1623 323 1666 co
347 1602 585 1688 depinguntur,
615 1601 770 1664 varietate
784 1600 923 1662 maxime
946 1599 1211 1679 commendabili,
1242 1603 1293 1664 Si·

229 1703 385 1767 nrichidas
407 1703 537 1790 quidem
558 1704 678 1764 festum
704 1701 790 1766 diem
810 1701 1040 1786 Thalysiorum
1063 1701 1150 1786 apud
1163 1703 1293 1768 Phrati-

230 1807 355 1868 damum
375 1821 408 1869 et
427 1805 621 1890 Antigenem
643 1803 683 1866 ad
697 1805 869 1868 Halentem
891 1825 955 1866 vna
978 1827 1050 1866 cum
1073 1805 1145 1867 aliis
1159 1805 1293 1890 quibus·

230 1907 301 1970 dam
317 1907 427 1970 amicis
442 1906 635 1969 celebratum
651 1905 816 1970 describit.
861 1904 968 1968 Habet
982 1905 1060 1968 duas
1075 1921 1192 1989 partes,
1216 1931 1294 1994 qua·

228 2033 299 2070 rum
316 2007 405 2091 prior
421 2008 547 2069 itineris
566 2008 715 2070 continet
729 2007 965 2069 enarrationem
987 2038 1031 2056 -
1055 2005 1124 2072 151.
1142 2015 1241 2071 altera
1254 2010 1292 2072 iu

228 2109 301 2193 ipso
324 2110 409 2170 festo
432 2107 643 2173 describendo
666 2123 820 2173 versatur.
865 2108 967 2171 Initio
989 2129 1084 2170 causa
1102 2132 1299 2175 commemo·

228 2227 319 2274 ratur
334 2210 461 2290 itineris
476 2212 619 2296 suscepti
645 2234 659 2274 1
676 2243 718 2258 —
729 2209 760 2274 5.
775 2209 812 2269 in
827 2231 892 2294 quo
917 2210 951 2270 in
966 2210 1127 2293 Lycidam
1144 2213 1230 2274 forte
1242 2212 1293 2274 in·

230 2313 345 2374 cidunt
367 2312 564 2396 caprarium,
588 2311 736 2396 poeticae
757 2312 921 2374 facultatis
943 2312 1039 2375 leude
1060 2313 1222 2400 insignem
1243 2315 1294 2378 vi·

230 2437 316 2491 rum,
342 2435 436 2498 quem
457 2413 669 2489 Simichidas‚
701 2429 738 2475 vt
760 2415 833 2475 viae
855 2415 973 2476 fallant
994 2414 1156 2494 taedium,
1181 2416 1222 2479 ad
1244 2438 1296 2479 ca·

230 2513 371 2576 nendum
385 2514 514 2578 invitat.
559 2519 629 2593 Ille,
654 2515 846 2579 conditione
863 2531 1006 2600 accepta,
1031 2537 1152 2580 amores
1167 2539 1243 2582 suos
1258 2520 1295 2580 in

229 2639 364 2701 puerum
386 2617 586 2702 Aganectem
607 2617 747 2680 carmine
770 2617 918 2680 celebrat.
954 2620 995 2682 52
1012 2652 1054 2682 -ε
1069 2617 1119 2705 89.
1143 2619 1296 2681 Simichi·

135 2721 140 2732 '
230 2717 285 2781 das
299 2735 411 2782 contra
425 2721 530 2798 Arati,
553 2721 589 2782 in
604 2719 740 2786 Philino
754 2719 932 2783 laborantis
946 2742 1060 2804 puero,
1085 2723 1246 2784 cruciatus
1263 2736 1296 2786 et

231 2819 366 2883 flammas
388 2821 551 2895 decantat.
596 2821 774 2908 96—126.
798 2822 905 2883 Cantu
926 2821 1023 2884 finito
1038 2822 1180 2906 Lycidas
1200 2823 1295 2886 Simi-

230 2921 345 2984 abidae
359 2923 477 3007 pedum
494 2923 549 2986 dat
564 2922 652 2984 douc
668 2924 828 3008 aliamque
846 2921 970 2984 insistit
984 2923 1088 3001 vism3
1114 2924 1213 2986 ceteri
1225 2945 1296 3009 per·

231 3039 312 3108 gnnt
326 3047 446 3110 rusque
461 3025 610 3100 veniunt,
635 3024 692 3086 vbi
707 3023 747 3085 ad
762 3025 863 3084 fontis
877 3047 1027 3100 murmur,
1052 3027 1086 3086 in
1101 3031 1176 3089 loco
1190 3049 1295 3088 amoe-

231 3125 383 3202 nissimo,
406 3127 486 3188 vino
507 3147 541 3186 se
561 3125 715 3189 invitant.
738 3159 781 3175 -
813 3125 971 3212 Virgilius
995 3127 1150 3214 Eclogam
1175 3129 1233 3191 IX.
1253 3127 1294 3192 ad

231 3227 329 3287 huius
345 3227 495 3288 carminis
512 3227 670 3316 rationem
688 3226 867 3310 descripsit.
891 3261 933 3277 -
954 3229 1055 3291 Scene
1075 3246 1124 3292 est
1137 3231 1172 3292 in
1188 3231 1296 3291 insula

232 3326 292 3404 Co,
317 3328 406 3411 quod
421 3327 503 3390 benc
518 3329 645 3390 monuit
664 3330 859 3392 Scholiastes
876 3351 1020 3414 graecus,
1044 3332 1137 3392 cuius
1153 3331 1295 3393 auctori·

232 3443 281 3492 tas
296 3431 332 3491 in
349 3429 409 3491 hac
425 3429 555 3514 quidem
570 3451 605 3494 re
620 3437 724 3495 valere
739 3431 843 3495 de'bet.
888 3431 977 3494 Huic
995 3429 1180 3492 auctoritati
1198 3429 1296 3492 cessit

232 3532 328 3593 etiam
340 3535 459 3594 Mauso
473 3534 514 3601 V.
531 3535 601 3612 cl,
627 3557 725 3619 quum
741 3534 777 3594 in
790 3532 892 3617 prima
906 3529 1022 3595 Bio'nis
1038 3531 1214 3624 etMoschi
1226 3531 1295 3594 edi·

231 3632 322 3696 tione
342 3635 529 3722 (Prolegom.
542 3659 576 3720 p.
589 3637 709 3700 XLVI.
723 3639 783 3724 sq.)
808 3635 998 3719 opinionem
1019 3631 1150 3696 Heinsii
1169 3634 1292 3714 (Lectt.

232 3734 397 3798 Theocrit.
422 3760 449 3798 c.
473 3737 571 3819 XII.)
597 3749 723 3802 omnem
751 3761 817 3802 rem
838 3738 874 3799 in
895 3737 1039 3800 Siciliam
1069 3734 1296 3798 transferentis

233 3837 418 3919 probasset,
442 3840 478 3900 in
494 3844 591 3902 altera
609 3839 724 3904 horum
745 3855 913 3926 poetarum
937 3838 1084 3900 editione
1099 3833 1189 3920 1807.
1206 3843 1296 3899 evul-

234 3953 326 4024 gata,
350 3962 382 4024 p.
397 3941 448 4008 51.
494 3942 576 4003 Cum
597 3943 777 4006 Scholiasta
798 3943 898 4004 sentit
918 3940 1014 4003 etiam
1037 3943 1062 4004 1.
1082 3939 1125 4000 Η.
1139 3938 1295 4016 Vossius,

236 4041 324 4125 quod
340 4043 538 4130 intelligitur
553 4066 593 4106 ex
609 4044 678 4106 eius
699 4044 929 4109 commentario
945 4042 986 4105 ed
1001 4041 1118 4127 Virgil.
1131 4041 1202 4100 Ecl.
1220 4039 1297 4112 VH,

235 4141 275 4210 55
288 4179 332 4194 -
344 4143 396 4210 56.
410 4168 442 4230 p.
456 4149 529 4233 571.
550 4147 660 4233 Atque
677 4145 755 4210 hnic
771 4145 949 4209 sententiae
967 4145 1063 4208 etism
1076 4140 1153 4204 inde
1168 4137 1297 4225 aliquid
