2866 5002
70 1213 119 1284 V.
155 1217 202 1288 C.
238 1211 498 1282 THEOPHILO
541 1209 887 1284 CHRISTOPHORO
926 1213 1147 1294 HARLESIO

284 1331 474 1403 IACOBUS
504 1333 761 1402 MORELLIUS
792 1335 824 1404 S·
855 1338 890 1408 P.
918 1339 961 1408 D.

76 1502 216 1651 Quod
237 1571 351 1616 notam
368 1550 538 1618 Theocriti
562 1551 737 1620 editionem
760 1557 922 1637 facturus,
953 1557 982 1622 si
1007 1557 1084 1647 quid
1105 1562 1147 1628 ad

77 1639 222 1704 eandem
246 1655 464 1722 opportunum
486 1639 636 1718 habeam,
667 1657 773 1705 tecum
789 1658 828 1704 ut
843 1646 1073 1708 communicem
1090 1643 1146 1731 pess

77 1727 144 1800 tis,
172 1730 245 1808 jure
262 1739 319 1787 tuo
331 1726 433 1800 iacis,
466 1725 673 1802 ilaricsimi3
706 1729 826 1814 quippe
843 1727 883 1788 ati
899 1731 1037 1792 Graecos
1053 1732 1144 1794 Lati·

78 1830 210 1894 nosque
239 1810 411 1892 scriptores
440 1809 652 1872 recensendos
683 1835 721 1873 ac
744 1813 950 1876 illustrandos
984 1813 1145 1880 eiusmodi

82 1894 273 1978 adjumenta
293 1896 362 1976 ipse
377 1895 507 1978 publice
521 1895 718 1977 praebuisti,
749 1913 805 1973 ut,
830 1898 888 1980 qui
907 1920 1017 1962 eorum
1033 1901 1143 1964 studio

83 1993 257 2053 tenentur,
287 1977 372 2040 nihil
394 2001 460 2040 non
478 2001 511 2040 se
528 1978 590 2040 tibi
611 1979 726 2043 debere
746 1982 879 2045 omnino
901 1984 1102 2068 intelligant:
1126 2007 1143 2046 a

84 2085 134 2124 me
157 2077 264 2122 autem
286 2077 325 2124 ut
344 2063 378 2122 id
395 2063 566 2124 fidentiore
584 2066 691 2128 animo
713 2073 874 2148 postules,
905 2089 966 2151 ego
991 2069 1144 2140 alacriore

86 2147 242 2221 efficium,
266 2168 323 2229 par
339 2143 486 2228 equidem
503 2163 566 2221 est,
596 2171 686 2224 curn,
710 2173 769 2232 pro
784 2151 886 2211 veteri
903 2157 1050 2234 justaque
1066 2154 1144 2214 ami·

86 2233 165 2292 citia
181 2246 309 2307 nostra,
341 2231 527 2314 hujusmodi
546 2229 661 2294 officiis
683 2233 853 2316 implendis
878 2239 940 2315 jam
963 2231 1144 2298 adsueveri·

86 2339 168 2380 mus.
212 2317 256 2377 At
278 2315 383 2390 enim,
418 2330 497 2396 post
514 2337 642 2397 operam
667 2317 818 2378 eximiam
842 2339 859 2376 a
885 2333 936 2380 tot
958 2316 1144 2382 eruditione

89 2417 184 2484 atque
204 2401 317 2462 critice
346 2401 475 2462 summis
496 2401 579 2460 viris
602 2401 637 2460 in
660 2400 861 2463 emendando
885 2423 921 2462 ac
944 2403 1143 2485 expoliendo

89 2501 183 2569 poeta
205 2484 397 2558 adhibitam,
424 2506 530 2568 neque
547 2491 646 2546 multa
662 2502 739 2548 sunt
761 2508 844 2548 ame
868 2485 1065 2568 expetenda,
1091 2509 1145 2550 ne·

92 2591 153 2654 que
177 2570 301 2648 omnia,
334 2591 416 2654 quae
432 2570 566 2630 fortasse
586 2592 731 2652 possem,
763 2587 800 2630 ut
819 2569 995 2652 expendam
1020 2587 1053 2634 et
1066 2571 1145 2634 slie-

91 2681 174 2732 ram,
204 2655 399 2732 curaelaiiae
416 2653 591 2716 litterariae
613 2657 814 2736 permittunt.
858 2657 948 2716 Haec
974 2655 1074 2739 igitur
1093 2677 1144 2718 ae·

93 2743 147 2826 qui
164 2737 445 2822 boniqueiacias,
481 2739 649 2822 quaeriue
672 2761 788 2824 magno
811 2739 964 2822 temporis
977 2739 1141 2822 impendio

92 2845 266 2908 comparare
281 2824 386 2884 licuit.

173 2911 218 2970 ric
247 2907 287 2968 de
318 2905 482 2969 codicibus
513 2905 643 2990 quidem
675 2910 899 2991 manuscriptis
929 2907 1143 2972 bibliothecae

94 2995 226 3079 Regiae,
251 2992 305 3052 cui
322 3010 486 3076 praesum,
510 3007 547 3052 ut
565 2993 701 3074 primum
723 2993 843 3068 dicam3
871 3010 933 3055 tres
950 3008 1142 3056 tantummo-

95 3079 150 3154 do,
173 3079 227 3163 qui
244 3077 412 3139 Theocriti
428 3075 548 3158 idyllia
564 3075 721 3151 habeant,
747 3079 781 3137 in
798 3099 832 3138 ea
848 3091 992 3151 exstant,
1017 3081 1142 3140 saeculo

67 3205 69 3210 -
96 3165 152 3225 XV
176 3183 240 3226 uon
279 3161 487 3235 vetustiores,
536 3181 642 3244 neque
672 3159 812 3222 dialecto
844 3163 968 3223 Dorica
999 3178 1143 3223 accurate

98 3265 206 3310 servata
231 3246 395 3329 descripti.
437 3247 564 3306 Horum
585 3245 726 3328 primus,
757 3247 821 3308 No.
846 3245 1086 3308 CCCCLXXX
1107 3246 1143 3304 in

100 3332 200 3394 indice
232 3334 385 3414 impresso
412 3345 561 3402 notatus,
600 3330 797 3392 Bessaaionis
830 3329 1011 3395 Cardinalis
1042 3333 1141 3412 jussu,

104 3415 245 3479 aloanne
268 3417 380 3478 liboso
398 3415 553 3477 Cretense
568 3413 773 3494 Presbytero,
805 3419 896 3498 cujus
916 3429 964 3474 est
980 3413 1059 3473 mihi
1074 3433 1143 3496 per·

106 3513 199 3578 specta
212 3522 338 3572 manus,
363 3502 556 3582 exscriptus,
589 3521 660 3560 curn
677 3498 841 3581 Oppiani,
864 3499 1025 3582 Dionysii
1036 3496 1142 3557 Perie-

108 3597 202 3665 getae,
222 3582 378 3644 Nicandri
422 3586 527 3660 Arati,
552 3581 710 3658 Hesiodi,
735 3583 905 3666 Apollonii
919 3581 1060 3653 libodii,
1084 3579 1144 3640 Or·

108 3665 175 3748 phei
189 3681 216 3728 et
230 3631 421 3728 Callimachi
441 3668 662 3752 poematibus,
694 3667 862 3728 Theocriti
879 3665 998 3750 idyllia
1016 3661 1145 3724 octode-

112 3751 165 3810 cim
177 3751 275 3832 priora
292 3751 457 3826 continet,
481 3754 687 3836 Argumentis
702 3755 763 3834 jam
780 3753 876 3814 editis
894 3768 925 3813 et
941 3743 1079 3810 Schoiiis
1096 3747 1141 3806 in·

111 3847 227 3896 structa:
250 3849 375 3910 textus,
401 3835 477 3895 olim
494 3842 592 3918 vulgo
608 3853 772 3916 receptus,
795 3835 951 3897 lectiones
966 3823 1143 3914 prohabiles

114 3919 241 3981 vixullas
259 3919 366 3994 offert,
395 3939 474 4000 quas
495 3921 679 4000 praesertim
704 3920 807 3980 editio
832 3919 950 3980 Aldina
974 3937 1039 3975 non
1056 3931 1143 3996 prae·

113 3997 188 4075 beat,
220 4009 267 4067 vel
292 4027 332 4065 ex
358 4003 471 4065 codice
502 3997 667 4083 Lipsiensi
694 4003 849 4064 Reisitins
871 4025 935 4061 non
958 3999 1140 4080 protulerit:

117 4087 238 4164 Scholia,
270 4089 401 4174 quaein
422 4099 633 4149 octotentum
651 4088 756 4168 priora
777 4088 893 4166 idyllia
912 4085 1044 4156 adsunt,
1075 4085 1144 4141 urri-

118 4185 177 4253 gata
198 4169 253 4237 iere
280 4174 387 4237 omnia
411 4184 505 4246 sunt,
540 4191 575 4232 ac
597 4173 625 4232 si
651 4171 810 4232 ineditum
836 4167 966 4253 aliquod
991 4167 1143 4240 occurrii,

719 4259 817 4342 Qua
