2878 5016
277 1049 1163 1260 crecope-J

441 1330 712 1396 IDYLLION
747 1334 811 1398 XI.

111 1513 272 1623 Nullum
284 1551 407 1618 amorio
423 1562 541 1618 natum
558 1563 609 1618 eat
624 1553 814 1620 remedium
828 1554 931 1636 aliud,
1106 1575 1111 1608 ¹

111 1652 216 1734 Nicia,
244 1675 356 1740 neque
377 1651 470 1741 qnod
488 1653 606 1742 inungi
625 1655 726 1743 poerit
742 1655 905 1746 (opinor),
935 1677 1046 1746 neque
1067 1656 1157 1743 quod

65 1871 67 1874 ’
111 1857 175 1922 Niai
189 1857 321 1924 Musae:
344 1859 486 1948 leneque
500 1859 565 1926 hoc
580 1871 614 1926 et
628 1757 845 1932 iuciiiidrirrndl'·
870 1875 872 1884 '

112 1959 165 2026 Fu
175 1959 212 2026 in
225 1973 387 2049 potestate
400 1961 597 2028 hominum:
619 1963 760 2028 inventu
779 1973 891 2030 autem
905 1961 1085 2034 facilenon
1102 1973 1160 2032 eet.

113 2131 312 2152 u

171 2224 266 2287 novit
281 2223 459 2287 Aeschines
474 2224 559 2309 apud
565 2225 728 2289 Theocrit.
742 2225 833 2289 xlv.
848 2224 900 2289 52.
914 2259 957 2277 -·
969 2220 1090 2310 neptim
1106 2223 1159 2290 de·

170 2306 202 2368 di
216 2329 257 2372 ex
272 2309 400 2393 aliquot
415 2308 486 2372 cdd.
503 2333 563 2395 pro
578 2311 714 2394 πεφύκει.
755 2311 874 2375 Kieeel.
1131 2375 1136 2384 ,

133 2407 159 2455 ².
179 2393 311 2471 Niciae,
339 2395 492 2458 Milesius
515 2395 656 2460 medicus
673 2398 834 2480 homoque
853 2395 1016 2458 literarum
1032 2400 1156 2480 elegan-

170 2479 287 2542 tiorum
306 2478 403 2542 laude
417 2479 661 2543 florentissimus
681 2481 780 2542 iuieae
798 2478 929 2541 videtur
943 2479 1107 2562 Stephano
1122 2482 1158 2542 in
1271 2494 1275 2504 ·

173 2563 315 2626 editione
334 2565 413 2625 min.
427 2587 457 2648 p.
474 2585 525 2648 9⁰·
547 2581 579 2626 et
594 2567 765 2628 Wartono.
779 2599 822 2612 -
835 2569 903 2645 iuni
917 2569 1024 2647 plures
1038 2563 1108 2627 cdd.
1127 2581 1161 2628 et

172 2647 240 2712 edd.
260 2663 339 2712 vett.
364 2664 438 2712 ante
462 2650 756 2712 Commelinianam.
781 2685 815 2698 -
841 2653 939 2728 deaei,
974 2671 1042 2712 uon
1061 2655 1158 2728 doxa'v,

171 2733 256 2816 quod
269 2733 514 2797 Hematerhueio
527 2736 667 2818 placuit,
691 2748 739 2796 eat
752 2733 999 2809 Theocriteurn,
1022 2749 1058 2794 vt
1069 2736 1158 2798 XIV.

173 2840 199 2896 φ.
215 2841 275 2881 nec
289 2822 471 2899 inlocum,
493 2821 574 2904 (quo
590 2817 630 2880 de
642 2817 801 2882 vocabulo
816 2819 903 2880 conf.
913 2817 1019 2880 Schol.
1035 2818 1076 2880 ad
1093 2819 1157 2899 hil.

173 2917 203 2964 et
223 2902 262 2972 ad
288 2903 454 2988 Aristoph.
484 2907 567 2967 Plut.
588 2927 619 2968 v.
634 2925 705 2989 717.
727 2902 837 2989 ibique
860 2903 1042 2967 Hemsterh.
1064 2919 1159 2990 atque

172 2986 280 3051 Boden
303 2988 344 3050 ad
362 2989 473 3073 Longi
494 2989 615 3052 Paetor.
631 3012 662 3073 p.
676 2988 742 3070 66.)
758 3003 805 3050 eat
817 3004 1017 3070 suspectum,
1048 2989 1176 3054 iudice.

172 3073 392 3136 Valckenario.
421 3075 570 3159 [Aliquot
597 3073 681 3136 enim
712 3073 782 3136 cdd.
812 3073 966 3156 praebent
985 3078 1157 3151 ἐπίπιστον,

173 3179 252 3220 vuua
268 3163 464 3228 ἐπίπλαστον.
479 3193 522 3208 -
538 3157 712 3222 Commode
724 3157 823 3220 Dahl.
843 3157 954 3220 laudat
974 3163 1081 3220 locum
1099 3161 1161 3220 Ae·

175 3242 273 3326 achyl.
291 3244 451 3308 Prometh.
465 3241 537 3320 478.
556 3265 606 3330 79.
621 3243 659 3306 de
673 3243 832 3305 medicina
845 3243 991 3306 nondum
1011 3245 1159 3314 inventa:

175 3326 248 3394 0158
262 3327 299 3406 ἦν
317 3327 439 3410 ἀλέξημ’
451 3329 556 3408 οὐδέν,
576 3327 646 3396 οὐδὲ
664 3325 836 3412 βρώσιμον,
867 3327 914 3394 Ori
930 3326 1068 3412 χριστόν,
1090 3329 1162 3395 ov'di

174 3407 288 3479 noceria.
311 3413 393 3478 adde
405 3413 498 3476 Pind.
513 3415 608 3496 Pyth.
625 3417 679 3479 lll.
694 3435 744 3513 9¹⁸
760 3434 828 3495 sqq.
852 3417 986 3490 Kieeel.]
1015 3414 1161 3476 Imitatur

174 3513 219 3558 est
233 3498 318 3560 Bion
333 3501 444 3586 fragm.
460 3501 517 3561 111.
533 3499 589 3560 vbi
605 3497 679 3560 vide
695 3513 894 3580 1nterpretea.
937 3502 1036 3562 Harl.

137 3577 166 3644 4.
186 3583 303 3646 Reielte
322 3589 431 3646 locum
447 3585 493 3646 sic
507 3580 801 3686 interpungendum
821 3585 965 3666 putavit:
996 3586 1109 3668 κοῦφον
1129 3585 1166 3651 de'

174 3695 204 3736 u
214 3671 304 3737 τοῦτο
325 3675 378 3736 arci
396 3667 453 3736 eidi
467 3667 570 3738 Fiver’·
592 3665 639 3736 ἐπ’
652 3667 830 3750 ανθρώποις
844 3667 942 3752 eripeia
960 3667 986 3734 δ’
998 3668 1070 3752 oid
1094 3669 1162 3736 διόν

175 3756 247 3822 ἔστι.
278 3755 310 3816 ei
333 3754 567 3818 obsecundavit
593 3753 795 3828 Brunclriue,
836 3753 894 3836 qui
916 3753 1046 3837 iusuper
1072 3699 1163 3816 dedit

173 3839 289 3902 formae
302 3837 428 3902 doricae
443 3840 519 3922 eripi
522 3867 537 3902 ν
553 3853 586 3900 et
599 3843 669 3904 ἐπὶ.
693 3853 858 3920 utramque
872 3840 993 3920 recepit
1006 3840 1161 3904 Valcken.

172 3937 264 4008 atque
287 3927 470 3992 intortio
490 3926 601 3986 multia
625 3921 696 3984 cdd.
723 3927 755 3989 iv
779 3919 960 4006 ἀνθρώποις
983 3939 1164 3986 correxerat
1236 3985 1239 3994 ,

171 4006 352 4072 Hematerh.
361 4011 397 4076 in
407 4033 465 4074 suo
474 4010 674 4072 libroHarl.
685 4009 814 4093 [Hociv
828 4030 887 4092 pro
901 4007 1056 4075 inlhabet
1065 4009 1163 4071 etiam

172 4091 306 4179 Scapula
322 4095 357 4154 in
372 4100 436 4158 lex.
450 4119 474 4158 a.
484 4119 515 4156 v.
529 4095 654 4178 eodone.
677 4091 822 4158 lacobaio
840 4099 980 4176 placeret
993 4093 1162 4154 dictinctio

171 4195 244 4264 poet
262 4177 321 4248 tet
334 4181 450 4266 posita.
468 4181 595 4268 -Quo
610 4179 717 4246 minua
731 4183 764 4248 ἐν
778 4182 896 4264 proici
906 4178 1090 4262 recipiatur,
1109 4197 1161 4239 ve
