2942 5014
553 574 729 645 ALIVD·
770 573 812 640 V·
912 597 936 666 4
1002 597 1007 608 ·

16 703 31 764 j„
140 672 271 756 Visne,
292 693 356 761 per
371 675 565 765 Nymphas,
588 673 879 764 duplicibus-tibiis
896 699 1019 745 canere

233 775 346 843 Suave
362 777 488 864 aliquid
505 779 614 846 mihil
636 791 669 844 et
681 799 742 864 ego
757 779 926 864 pectidem
941 786 1098 850 sumtam'
1208 811 1211 817 ·

16 913 25 974 Β·
139 876 457 964 Plena-epulum
480 880 643 946 bubulcus
660 891 774 945 aulem
789 879 890 948 simul
905 905 1005 948 aures
1021 883 1185 954 mulcebit

229 980 398 1068 Daphnis,
421 1005 498 1047 cera
514 995 687 1072 compacta
702 981 811 1046 fistula
829 1005 963 1050 canens.

16 1143 22 1169 ‚
40 1099 50 1120 ¹
139 1080 201 1150 Sic
215 1095 341 1148 slantes
357 1105 466 1172 prope
477 1083 643 1150 hirsutam
657 1107 818 1174 quercum
834 1107 924 1173 ponc
937 1098 1075 1156 anuum

228 1186 321 1252 Pana
334 1185 550 1276 capripedem
564 1187 775 1253 excutiamus
790 1211 920 1256 somno.

532 1277 709 1360 lllvn.
752 1289 816 1357 Vl.

16 1455 19 1492 ἕ
138 1388 209 1474 Ah,
231 1390 333 1455 miser
345 1390 525 1479 tuThyrsi‚
548 1390 628 1476 quid
647 1391 707 1455 libi
721 1393 895 1478 proderit,
917 1391 945 1460 si
965 1393 1207 1464 contebefeoiec

227 1491 398 1582 Lacrymis
413 1493 563 1582 geminos
579 1493 693 1560 oculos
709 1492 954 1562 lamentando?

141 1661 354 1682 -ι-ι-

205 1752 296 1817 Mihi
313 1770 419 1817 tamen
443 1773 556 1840 pamm
575 1761 738 1843 eleganter
760 1769 885 1817 antrum
899 1755 1051 1842 virgultis
1064 1770 1097 1819 et
1112 1753 1205 1818 arbu-

205 1840 420 1902 stis'obsitum
442 1855 477 1904 et
491 1842 582 1926 qussi
596 1840 764 1904 horridum
781 1839 845 1903 hoo
861 1842 1008 1925 epitheto
1029 1842 1068 1902 ab
1085 1841 1206 1903 anima·

203 1925 287 1990 lium
307 1924 503 1988 hirsutorum
523 1926 648 1990 cervice
664 1927 769 2010 petito
786 1925 888 2014 (coni.
905 1927 1002 1990 Hom.
1018 1927 1050 1988 h.
1066 1927 1101 1987 in
1115 1928 1206 1988 Mer·

203 2031 272 2072 cur.
288 2009 377 2094 224.)
393 2009 523 2074 videtur
543 2011 708 2110 insigniri.
750 2013 921 2099 Vulgatam
938 2035 1009 2074 cum
1024 2011 1205 2074 Vilclzana·

205 2096 258 2156 rio
272 2097 472 2172 Wartonus,
495 2095 681 2173 Harlesrus,
704 2096 863 2174 Dahlius‚
887 2111 974 2158 recte
988 2111 1133 2158 tuentur.
1160 2103 1204 2162 K.

160 2209 193 2279 6.
217 2209 376 2300 αἰγιρόταν
406 2211 621 2296 ὄρφανῖσωμεν
654 2217 763 2300 vulgo.
798 2209 988 2276 Lectionem
1027 2227 1202 2294 receptam,
1217 2191 1230 2214 ⁸

203 2300 270 2362 iam
286 2319 303 2358 a
318 2297 485 2382 Stephano
508 2304 680 2383 prolatam,
710 2311 836 2381 prester
851 2297 1012 2360 Dorvillii
1036 2295 1086 2359 ori.
1105 2299 1200 2357 ctiam

201 2397 268 2444 tres
284 2382 341 2442 alii
362 2381 450 2466 apud
473 2381 637 2446 Gaisford.
660 2397 792 2444 asseusu
816 2381 952 2444 firmant.
995 2383 1051 2442 De
1069 2381 1204 2442 nomine

201 2460 368 2552 αἰγιβᾶτης
389 2468 478 2529 conl.
493 2467 654 2530 Graeiium
675 2465 716 2526 ad
730 2467 888 2552 Meleagri
900 2467 963 2549 Ep.
981 2484 1033 2550 27.
1052 2485 1081 2528 2.
1104 2485 1135 2546 p.
1151 2483 1202 2544 72.

198 2567 236 2614 et
250 2551 439 2614 Passovium
461 2553 496 2613 in
514 2551 634 2616 ,libello
656 2548 699 2612 de
709 2551 791 2612 Lex.
811 2573 858 2636 gr.
875 2571 908 2633 p.
930 2572 977 2632 ¹7·
990 2585 1034 2601 -·
1051 2549 1203 2612 Ceterum

201 2650 314 2719 pastor
336 2634 399 2697 hoc
416 2636 654 2722 Epigrammate
675 2634 864 2718 permissum
885 2648 998 2720 putat,
1063 2631 1129 2697 uod
1150 2651 1202 2694 ca·

139 2731 147 2772 ’-
200 2720 327 2805 prorius
343 2719 439 2806 ldyll.
453 2723 489 2799 I,
516 2723 556 2788 15
571 2741 640 2807 sqq.
653 2735 689 2782 vt
702 2719 794 2782 nefas
809 2719 909 2806 fugit.
951 2657 1070 2782 Kresci.
1155 2789 1158 2801 ,

641 2856 699 2922 VI.

159 2972 214 3048 στ’.
235 2979 310 3042 Hoc
332 2976 561 3064 epigrammate
582 2975 778 3062 Thyrsidem
800 2981 992 3043 consolatur¹
1010 2976 1049 3039 tle
1066 2977 1200 3059 capella,

202 3087 299 3150 quam
322 3067 420 3146 lupus
446 3062 510 3146 ipsi
537 3076 679 3147 ereptam
706 3067 925 3127 devoraverat.
969 3063 1150 3124 Wartonus
1168 3073 1202 3120 ct

199 3149 302 3214 huius
316 3147 553 3232 epigrammatis
569 3145 707 3208 fundum
725 3169 915 3292 consempsit
929 3145 1030 3210 fuisse
1042 3145 1201 3228 picturam

200 3247 370 3308 autumat,
397 3233 575 3317 simulque,
599 3253 666 3295 non
680 3232 780 3318 magis
798 3255 856 3316 pro
881 3232 1032 3307 abiliter‚
1060 3227 1202 3312 suspica·
1285 3293 1296 3309 ο

200 3332 274 3395 tur,
304 3317 369 3380 hoc
392 3318 605 3402 epigramma,
640 3339 807 3402 reumque
829 3319 927 3378 etiam
947 3332 1045 3400 atque
1063 3318 1202 3374 alterum

200 3416 364 3488 praeterea
384 3423 450 3464 csse
474 3403 654 3487 fragmenta
674 3405 729 3466 vel
744 3417 895 3484 excerpta
914 3401 991 3464 libri
1012 3400 1199 3484 Elegorum,

203 3507 300 3584 quem
316 3485 513 3548 Theocritus
531 3487 694 3570 scripsisse
709 3485 907 3569 perhibetur.
950 3486 1055 3548 Dall.

162 3631 192 3678 ι.
214 3603 316 3688 cipro
337 3597 359 3668 ci
383 3603 480 3666 habet
500 3605 574 3667 Vnt.
598 3601 625 3671 oi
645 3609 724 3672 darii
746 3603 796 3666 cd.
816 3603 913 3666 Puris.
930 3625 979 3686 ap'.
999 3601 1104 3665 Gaisf.
1121 3600 1201 3664 δειλὲ

203 3690 283 3752 item
303 3688 461 3751 duo-alii.
504 3691 592 3752 Mox
612 3711 672 3790 pro
693 3696 826 3776 vulgato
849 3695 880 3755 τί
897 3687 931 3754 ro*
954 3687 1110 3756 πλέονα
1127 3685 1202 3744 Vat.

200 3797 276 3837 cum
291 3772 467 3834 Schaefero
480 3775 627 3856 rescripsi
643 3776 677 3841 τί
688 3801 735 3842 100
749 3776 857 3846 alaim
880 3775 969 3835 Solet
986 3771 1120 3835 enimin
1138 3767 1201 3828 hae

203 3861 344 3921 formula
371 3877 551 3941 pronomen
573 3857 667 3936 addi,
701 3875 738 3922 vt
759 3858 935 3920 ostendunt
956 3863 1027 3920 loca
1045 3859 1141 3914 allata
1166 3853 1201 3911 in

99 4003 108 4026 ,
199 3941 376 4009 Matthiasi
390 3963 487 4028 gram.
502 3963 548 4024 gr.
561 3941 663 4025 pell
675 3966 727 4092 {pi
740 3959 797 4006 sut
811 3957 895 4005 carte
910 3943 1065 4004 articulus
1078 3937 1201 4016 abesse,
1294 3986 1297 3994 .

201 4043 240 4092 vt
252 4027 287 4088 in
305 4027 468 4112 Meleagri
483 4027 596 4112 Epigr.
610 4029 673 4090 XX
752 4033 782 4096 τί
794 4033 828 4094 δὲ
841 4029 952 4101 πλέους
992 4023 1109 4088 Kierrl:

161 4163 190 4214 2.
212 4143 364 4232 iryirirore
376 4161 411 4210 et
424 4141 616 4230 ὀδυρόμενος
630 4147 705 4212 Vct.
747 4147 866 4212 KiessI.

376 399 389 413 ·
467 372 894 476 caueamur-A.
1154 411 1218 498 7⁷3
1269 361 1292 420 ⁸
1400 366 1403 380 ι
