2816 5022
248 336 363 458 'rac
405 355 683 459 uonncnu
724 395 999 464 rrrsroue:
1095 402 1159 490 985

82 597 88 600 ·
147 565 208 633 'sard
218 562 273 644 rtis
288 563 375 652 ἱιριέν
388 571 548 638 παίδευσιν
562 569 781 654 ἓνδιδαχθιῗςγ
795 570 988 655 condolenti}
1003 569 1068 648 τοῖς
1079 572 1152 638 ἔπε-

151 677 207 719 σιν
220 655 407 728 ἐναπέθετο,
438 658 500 731 τοῖς
515 655 689 736 δυναμένοις
703 657 840 736 συνιέναι
852 661 1007 739 γνωρίζειν
1021 666 1151 723 καταλι-

152 733 230 803 πών.
282 739 378 823 Quae·
398 737 446 802 sic
480 741 622 801 Polonus
653 740 811 822 interpres
840 742 958 806 Latine
989 739 1150 806 reddidit:

152 823 219 882 Sed
241 846 278 883 er
305 825 405 886 oculis
431 830 539 886 notnri
563 839 716 906 possunt,
761 847 831 886 cum
857 830 1006 886 continuo
1039 827 1151 889 obtutu

150 913 358 981 intueantur,
386 923 416 968 et
431 909 603 992 palpebras
624 933 786 992 nusquam
800 912 1012 983 concludant;
1034 923 1064 970 et
1078 933 1149 974 ma-

144 997 203 1075 gis
219 999 318 1054 etiem
332 999 524 1073 eximerere,
554 999 610 1076 qui
623 1017 686 1056 nore
699 1017 736 1055 er
753 997 922 1058 dimotione
931 995 1065 1080 pedum)
1094 1019 1148 1057 ne-

148 1083 209 1160 que
222 1084 469 1160 transposition
480 1081 609 1156 existit,
640 1081 697 1140 sed
706 1101 742 1138 ex
759 1083 898 1162 quodam
913 1085 1030 1160 impetu
1046 1087 1146 1157 eires,

146 1172 179 1221 et
192 1168 226 1224 ci
240 1163 388 1244 expedito
394 1165 588 1238 studentium
609 1169 715 1246 magis
731 1184 847 1241 auras,
867 1186 962 1246 quam
979 1177 1148 1226 transeun-

148 1251 242 1307 tium
294 1250 502 1327 Quamobrem
526 1262 655 1311 statuas
685 1273 805 1331 quoque
834 1253 975 1310 Deorum
994 1254 1148 1332 Aegyptii

144 1345 288 1412 ponunt,
325 1339 548 1416 conjungentes
578 1335 646 1395 illis
669 1337 784 1416 pedes,
820 1347 850 1394 et
877 1336 976 1416 quasi
997 1339 1146 1399 unientes.
1231 1365 1236 1372 ·

150 1419 243 1495 Quae
258 1423 357 1478 etiam
373 1423 530 1480 Homerus
545 1423 647 1479 sciens
654 1463 666 1491 ,
688 1433 724 1479 ut
740 1421 917 1502 Aegyptius
924 1464 935 1492 ,
958 1432 987 1478 et
1003 1421 1149 1482 doctrina

148 1523 248 1561 saera
267 1507 462 1577 instructus,
490 1507 610 1564 occulte
632 1517 661 1563 et
680 1507 822 1564 involute
836 1505 977 1565 versibus
993 1507 1146 1580 reddidit,

147 1589 327 1667 relinquens
351 1589 560 1669 intelligenda
580 1593 623 1648 iis
640 1595 696 1669 qui
712 1603 854 1669 possent.
896 1589 1013 1650 Versus
1029 1588 1147 1652 deinde

145 1671 341 1735 Homericos
358 1674 495 1754 apponit
507 1671 724 1746 Heliodorus,
748 1695 868 1760 eosque
882 1673 1033 1734 nonnihil
1043 1674 1148 1757 expli·

145 1771 207 1820 cet.
252 1759 333 1840 Ejus
362 1773 469 1820 temen
493 1757 576 1817 mihi
604 1758 719 1840 opinio
746 1778 946 1844 nequaquam
971 1757 1144 1839 probaturg

144 1855 228 1938 puto
249 1843 333 1904 enim
353 1856 481 1925 poetam
504 1841 618 1903 docere
639 1842 860 1905 tantummodo
884 1841 1033 1904 homines
1052 1847 1146 1904 volu·

144 1945 227 2002 use,
257 1929 365 2001 Deos,
400 1928 459 1988 etsi
480 1927 618 1988 humana
641 1925 747 2013 effigie
770 1933 870 2012 vulgo
897 1926 1143 2010 insignirentur,

145 2031 214 2072 non
234 2033 275 2072 ex
302 2011 411 2072 eedem
432 2025 557 2084 tamen,
587 2033 649 2097 qua
669 2011 836 2088 homines,
870 2011 1002 2072 materia
1023 2010 1145 2090 fuisse;
1206 2005 1211 2012 ’

147 2093 285 2180 proinde
311 2095 529 2182 augustiorem
562 2095 603 2156 iis
638 2097 754 2158 tribuit
792 2099 946 2170 formem,
992 2109 1144 2156 staturam

147 2179 262 2256 etiam,
295 2201 377 2264 quae
390 2180 560 2241 humanam
576 2180 729 2256 excedat,
760 2197 792 2243 et
804 2180 970 2262 nroprium
986 2179 1144 2264 quendam

145 2267 353 2350 sanguinem,
399 2265 433 2324 ui
449 2285 511 2324 nec
523 2285 598 2325 vere
611 2267 742 2347 sanguis
759 2265 825 2326 dici
841 2265 955 2347 quent,
979 2264 1144 2346 propriam

144 2350 243 2410 etiam
261 2287 421 2434 loquenbi
448 2349 627 2426 rationem,
657 2347 735 2410 dum
754 2349 901 2432 pluribus
910 2349 1001 2410 decis
1017 2349 1141 2424 asserit,

146 2441 319 2496 multarum
341 2455 446 2495 rerum
464 2434 596 2496 nomina
612 2433 676 2494 elia
691 2433 776 2517 apud
793 2433 942 2496 homines
957 2454 1044 2507 esse,
1079 2433 1143 2494 alie

146 2517 233 2602 apud
245 2522 346 2582 Deos.
389 2518 563 2580 Diversum
579 2519 675 2579 etiem
689 2521 780 2580 vocis
794 2540 907 2581 sonum
923 2515 977 2578 das
990 2517 1055 2578 illis
1070 2517 1146 2578 Vir.

145 2604 263 2688 gilius3
298 2603 386 2687 quod
400 2603 529 2664 Servius
550 2601 778 2664 animadvertit
799 2602 839 2663 ed
855 2625 928 2663 eum
944 2607 1052 2663 locum
1066 2600 1142 2662 libri

143 2689 269 2754 VLNeo
291 2691 423 2750 mortale
443 2707 580 2762 sonam
609 2687 666 2747 ubi
687 2686 732 2748 ita
747 2688 909 2770 loquitur:
939 2687 1037 2763 „Alia
1056 2687 1142 2748 enim

143 2795 209 2836 vox
226 2774 368 2834 numinis
388 2787 453 2847 est,
484 2787 540 2833 ut:
572 2775 638 2834 Nec
654 2793 713 2831 vos·
730 2773 885 2832 bominem
906 2785 1015 2833 sonat:
1045 2771 1141 2833 item:

148 2859 304 2939 Vooirque
319 2879 434 2930 sonus,
463 2859 514 2917 vel
526 2879 655 2938 gressus
674 2861 822 2918 suntie.“
851 2857 903 2916 Ex
920 2855 1037 2939 quibus
1053 2856 1130 2916 colli

144 2963 218 3028 gere
240 2957 304 3018 est,
335 2941 374 3002 de
389 2943 517 3002 incessu
541 2941 625 3003 idem
642 2941 778 3002 sensisse
798 2942 993 3012 Homerum,
1016 2963 1052 3000 ac
1067 2961 1145 3022 pro·

144 3026 251 3112 prium
277 3024 434 3109 quendam
458 3025 644 3086 ambulandi
665 3025 795 3086 modum
817 3025 894 3085 Diis
910 3025 1078 3106 tribuisse,
1099 3045 1141 3088 ex

90 3125 95 3138 ·
144 3133 209 3194 quo
227 3107 380 3195 cognosci
405 3111 502 3172 facile
527 3125 679 3193 possent:
711 3109 797 3194 qnod
824 3123 855 3171 et
879 3109 977 3170 Marc
998 3109 1142 3171 imitatus

145 3210 211 3272 est,
237 3217 309 3258 cum
326 3194 373 3255 eit
394 3193 434 3256 de
456 3197 596 3256 Venere:
631 3197 675 3254 Et
688 3215 764 3255 vera
783 3198 909 3255 incessu
925 3198 1037 3272 potuit
1058 3197 1141 3257 Dea.

143 3281 215 3344 Nec
236 3301 315 3343 vero
338 3279 538 3362 expressisse,
556 3279 688 3362 quinam
705 3294 788 3341 esset
803 3279 857 3340 hic
876 3277 1059 3339 ambulandi
1074 3300 1141 3340 nro·

146 3365 222 3441 dus,
253 3363 519 3450 quemadmodum
537 3385 596 3426 nec
623 3363 756 3442 docuit,
784 3365 854 3449 quis
874 3377 958 3424 esset
980 3364 1143 3448 sanguise

145 3451 281 3512 Veneris
300 3455 432 3510 vnlnere
448 3469 597 3524 manans,
620 3464 670 3510 sat
682 3448 802 3510 habens
818 3446 937 3520 dicere,
954 3448 1051 3509 alium
1072 3466 1141 3508 esse

147 3535 185 3596 ab
213 3535 355 3596 humano
382 3534 550 3620 sanguine.
592 3535 712 3595 Statius
743 3555 818 3596 sane
843 3547 969 3592 tantum
995 3533 1083 3592 abest
1104 3543 1144 3590 ut

144 3621 291 3682 Deorum
307 3619 466 3680 incessum
489 3619 607 3704 absque
632 3623 753 3680 alterne
769 3617 887 3701 pedum
905 3617 1050 3679 motione
1071 3613 1143 3676 fieri

147 3703 398 3780 existimaverit,
431 3717 470 3764 ut
492 3705 603 3787 potius
626 3718 683 3765 aut
703 3702 906 3802 grandiorem
932 3699 1141 3786 gressionem,

148 3787 414 3872 quemadmodum
430 3790 578 3873 loquitur
597 3787 720 3851 alicubr
735 3787 916 3861 Pacuvius,
941 3799 997 3846 eut
1011 3785 1145 3865 spissio-

144 3895 211 3936 rem
233 3873 274 3934 iis
296 3872 458 3936 tribuerit.
500 3873 583 3936 Nam
602 3874 660 3937 lib.
683 3873 724 3936 X.
742 3871 928 3934 Thebaidos
951 3867 991 3928 de
1013 3869 1145 3931 Virtute

147 3959 217 4020 Dea
235 3981 253 4022 e
272 3965 359 4021 caelo
379 3965 477 4042 lapse,
506 3972 538 4022 et
553 3959 736 4020 Menoeceo
761 3958 819 4020 sub
836 3955 973 4018 Mennis
986 3952 1072 4016 facis
1089 3973 1146 4037 np-

148 4053 299 4126 p‘nrente,
325 4044 373 4106 sic
388 4045 494 4107 canit:

249 4182 526 4203 .......
560 4155 654 4198 tames
668 4159 769 4214 erpere
781 4141 908 4220 produnt

260 4212 435 4286 OraDenm,
453 4217 587 4291 nimiique
603 4213 719 4289 gradus.
