2926 5022
281 513 582 580 runocnrrr
616 513 890 580 rnrnnrou
924 515 1027 584 xxs.
1124 519 1188 610 575

115 686 219 778 Spem
233 687 469 768 somniorum,
492 707 618 776 quaere
632 708 795 754 carneum
816 687 955 778 piscem,

113 793 162 859 Ne
176 802 216 857 tu
230 790 389 858 moriaris
402 789 516 873 fame,
537 791 619 857 licet
631 790 668 856 in
682 792 795 858 aureis
811 792 961 858 somniis.

389 1065 911 1136 ARGVMENTVM

454 1169 676 1234 lDYLLII
719 1171 849 1234 XXII.

183 1291 268 1356 'Hic
289 1289 440 1374 Hymnus
459 1288 495 1350 in
514 1289 697 1354 Dioscuros
720 1290 757 1354 in
780 1289 861 1354 duas
881 1288 988 1376 partes
1009 1287 1189 1380 descriptus

115 1397 182 1458 est,
205 1400 342 1480 quanam
364 1381 462 1437 altera
484 1375 629 1438 Pollucis
653 1377 888 1462 (ay-154),
920 1379 1067 1444 Castoris
1089 1383 1189 1443 altera

115 1465 392 1552 praedicationem
422 1459 660 1543 complectitur.
704 1461 876 1528 Prooemio
898 1464 1091 1548 praemisso,
1143 1486 1188 1528 uo

115 1549 228 1614 laudes
247 1548 379 1630 utrique
402 1567 513 1609 eorum
535 1567 722 1610 communes
741 1563 953 1632 exponuntur
968 1584 1014 1600 -
1028 1547 1080 1614 26.
1093 1486 1189 1613 nibi-

113 1636 275 1700 liasimum
289 1631 431 1694 Pollucis
445 1653 517 1692 curn
535 1630 660 1713 Amyco
677 1647 837 1696 certamen
851 1633 1059 1699 describitur.
1077 1635 1193 1720 Quum

118 1721 207 1784 enim
221 1721 432 1804 Argonautae
448 1714 488 1777 ad
499 1715 683 1798 Bebrycum
698 1741 768 1780 orss
784 1719 1002 1803 appulissent,
1027 1719 1142 1784 Castor
1156 1735 1191 1783 et

114 1809 236 1869 Pollux
248 1823 360 1888 aquam
376 1803 516 1886 petitum
530 1815 666 1880 euntes,
700 1804 736 1864 iu
751 1804 886 1888 regione
900 1804 1052 1868 fontibus
1065 1805 1195 1893 irrigua

114 1893 276 1971 Amycum
291 1885 483 1962 inveniunt,
515 1885 573 1971 qui
596 1887 752 1952 immenso
772 1889 919 1974 corporis
943 1887 1059 1953 robore
1071 1892 1187 1970 fretus,

115 1991 185 2038 tum
200 1973 329 2035 demum
350 1972 417 2034 illis
439 1991 538 2058 aquae
557 1970 757 2037 hauriendae
773 1973 900 2060 copiam
919 1976 990 2036 fore
1008 1975 1185 2075 promittit,

116 2083 218 2147 quum
238 2058 388 2142 pugilatu
411 2059 514 2142 ipsum
536 2073 803 2140 superassent-
825 2059 875 2140 75.
920 2057 1121 2124 Condatione
1137 2081 1198 2123 ac·l

115 2159 209 2230 cepta
233 2141 486 2229 convocatisque
503 2142 706 2225 Bebrycibus
727 2160 761 2207 et
776 2143 994 2228 Argonautis,
1026 2159 1189 2208 certamen

115 2228 349 2304 committitur,
381 2227 416 2287 in
438 2249 503 2312 quo
524 2228 657 2306 Pollux,
690 2251 789 2316 quum
810 2229 873 2290 iarn
894 2227 1072 2292 verendum
1091 2245 1187 2308 esset,

113 2339 158 2380 ne
177 2311 352 2380 adversarii
369 2314 608 2396 opprimeretur
621 2314 749 2391 robore,
773 2314 923 2397 superior
940 2313 1051 2377 evadit
1065 2347 1106 2364 -
1118 2313 1201 2378 150.1

114 2435 160 2452 -
181 2400 218 2460 In
231 2403 330 2460 altera
338 2395 463 2480 Hymni
478 2411 569 2480 parte
584 2395 726 2462 Castoris
742 2421 814 2462 cum
821 2401 957 2480 Lynceo
971 2420 1082 2485 pugna
1097 2420 1188 2461 euar-

114 2502 215 2550 ratur.
257 2483 341 2546 Nam
361 2506 461 2570 quum
476 2483 643 2568 Leucippi
668 2483 755 2545 filiae
776 2506 793 2544 a
813 2481 987 2546 Dioscuris
1008 2498 1118 2547 essent
1139 2492 1189 2547 rai

115 2587 211 2658 ptae,
241 2568 315 2630 Idas
338 2583 371 2630 et
392 2570 564 2650 Lynceus,
597 2567 742 2651 Apharei
763 2568 845 2644 filii,
869 2567 988 2652 quihus
1004 2569 1081 2633 illae
1096 2569 1188 2653 prius

117 2657 330 2740 desponsatae
351 2655 498 2730 fuerant,
534 2669 680 2738 raptores
700 2652 741 2715 ad
761 2651 905 2738 Apharei
927 2657 1089 2716 tumulum
1107 2674 1189 2716 asse·

114 2755 270 2826 quuntur.
314 2743 397 2801 Tum
419 2741 584 2822 Lynceus,
608 2738 793 2814 Dioscuris,
810 2751 846 2800 vt
862 2742 986 2824 puellas
1001 2737 1186 2817 redderent,

113 2827 234 2888 frustra
249 2823 441 2908 persuadere
456 2839 611 2902 conatus,
642 2823 809 2886 Castorem
821 2820 862 2885 sd
877 2843 1018 2909 pugnam
1033 2837 1191 2908 provocat

112 2908 245 2974 -180.
269 2910 403 2974 Castore
416 2923 581 2970 annuente
601 2909 740 2992 primum
754 2908 876 2984 hastis,
900 2921 970 2968 tuns
987 2908 1106 2994 gladiis
1128 2931 1190 2992 pu·

115 3009 235 3084 gnant;
266 3017 329 3083 qua
344 2995 379 3054 in
401 3016 511 3080 pugna
525 2995 679 3078 Lynceus
701 2998 835 3056 vulnere
851 2991 1001 3069 affectus,
1031 2995 1067 3054 iu
1086 2993 1190 3078 patris

115 3085 262 3156 tumulo,
302 3102 366 3165 quo
399 3080 609 3164 confugerat,
646 3099 721 3141 ense
748 3075 1023 3140 transverberatur
1049 3111 1095 3130 ι·-
1117 3077 1191 3144 204.

113 3167 183 3230 Iam
199 3161 283 3238 Idas,
308 3167 470 3226 fraternae
486 3164 591 3226 caedis
608 3164 721 3228 dolore
735 3177 914 3246 correptus,
930 3160 1107 3226 defractum
1121 3164 1191 3249 cip·

114 3253 154 3336 pi
168 3265 292 3334 partem
312 3239 347 3309 in
367 3249 532 3310 Castorem
557 3249 712 3310 missurus
737 3246 825 3310 lovis
846 3246 985 3308 fulmine
1033 3250 1192 3313 ercutitur

114 3367 161 3390 ο-
177 3333 249 3398 215.
271 3367 315 3384 -
329 3332 538 3395 Eichstadtio
551 3332 642 3418 pssb.
660 3331 717 3393 hic
728 3331 869 3414 hymnus
886 3269 1063 3414 epluribus
1079 3333 1192 3398 carmi·

113 3445 195 3482 num
216 3420 384 3502 particulis
405 3419 443 3480 ab
460 3417 682 3483 Alexandrino
699 3415 878 3500 Rhapsodo
900 3416 1012 3500 inepte
1034 3433 1192 3482 consutus

114 3505 262 3568 videtur,
305 3503 447 3565 Dahlius
470 3518 583 3566 contra
605 3501 771 3586 probabile
795 3521 862 3564 esse
885 3515 1013 3579 censet,
1043 3502 1109 3567 hoc
1124 3525 1191 3566 car·

115 3612 192 3653 men
207 3587 246 3650 ah
263 3589 336 3672 ipso
352 3588 530 3651 Theocrito
546 3588 581 3649 in
598 3587 737 3651 iuvenili
749 3600 871 3660 aetate,
902 3606 1003 3671 quum
1021 3587 1207 3675 ingenium,

116 3675 187 3738 eius
204 3674 350 3736 nondum
364 3674 442 3734 satis
459 3673 627 3736 subactum
643 3674 678 3733 in
695 3671 858 3738 uberiores
875 3685 908 3732 et
922 3673 1127 3736 luxuriantes
1141 3693 1193 3734 te·

116 3783 188 3821 rum
205 3757 438 3842 descriptiones
455 3774 663 3844 evagaretur,
695 3755 912 3838 compositum
927 3777 988 3818 nec
1003 3773 1108 3821 tamen
1124 3779 1193 3822 om·

117 3844 214 3905 nihus
236 3844 381 3927 partibus
404 3843 589 3906 absolutum
612 3865 698 3917 esses
736 3842 871 3902 fortasse
892 3841 990 3902 etiam
1011 3846 1191 3906 nonnullos

118 3949 249 4010 versus,
281 3927 398 4016 quibus
414 3943 480 3991 tres
494 3929 645 3991 carminis
659 3942 766 4014 partes
781 3927 825 4011 (v.
845 3945 858 3988 1
877 3957 921 3971 -
936 3921 986 3990 26·
1004 3945 1044 4006 27
1056 3960 1100 3974 -
1120 3923 1191 3991 156.

118 4011 179 4096 157
196 4013 353 4100 usquead
370 4013 479 4086 finem)
497 4015 604 4098 aptius
621 4023 910 4085 connecterentur,
934 4012 1089 4096 temporis
1102 4011 1192 4072 iniu-

116 4100 165 4160 ria
178 4099 351 4161 interiisse.
371 4133 416 4150 -
437 4100 474 4160 In
491 4098 609 4161 Aldina
625 4098 816 4161 inscribitur
837 4092 1010 4174 Idyllium:
1034 4092 1191 4163 Διόσκου-

115 4209 164 4270 ροι
178 4187 264 4272 κοινῇ
279 4185 354 4250 lior·
368 4184 404 4244 iu
424 4186 541 4248 ceteris
553 4184 789 4274 oddonibus
802 4175 994 4270 Advrsum·
1009 4183 1191 4269 duoidsiy*

114 4267 331 4359 naussum&
342 4267 499 4344 etium.
561 4343 565 4351 ,
