2942 5014
296 393 358 484 7³2
500 455 503 464 .
674 390 984 492 anarrinon

295 573 411 646 ΕΙΣ
434 569 726 646 ΤΡΙΠΟΔΑ
754 571 860 644 ΤΩι
886 568 1205 644 ΔΙΟΝΥΣΩι
1230 568 1373 644 ΛΠΟ

539 675 994 750 ΔΗΜοΤΕΛοΥΣ.
1049 667 1108 765 ια’.

294 775 514 875 ’Δαμοτέλης
545 771 762 876 ὁχορηγός,
805 774 826 850 o‘
857 771 1110 871 consolatori,
1154 770 1185 848 ὦ
1214 769 1372 852 Διόνυ-

383 913 388 926 ·
873 905 926 966 σε,

370 983 450 1057 Καὶ
466 983 506 1056 σὲ
524 977 591 1056 τόν
606 979 756 1080 ἥδιστον
774 982 872 1055 θεῶν
888 974 1063 1079 μακάρων
1081 976 1247 1070 draucis,

292 1085 458 1181 Mt'cptoc
474 1081 519 1184 ἦν
536 1091 575 1159 ἐν
589 1083 704 1159 παισί·
724 1087 822 1179 χορῷ
838 1081 867 1158 δ’
885 1078 1061 1206 ἐκτήσατο
1078 1083 1176 1181 cispa

369 1184 556 1286 Ἀνδρῶν,
583 1187 643 1264 καὶ
658 1181 705 1264 τό
718 1182 831 1262 soloe
846 1186 906 1260 καὶ
921 1213 967 1262 το
986 1187 1169 1285 προσῆκον
1184 1183 1295 1284 ὁρῶν.

299 1355 507 1380 m

356 1445 419 1508 Pro
441 1445 569 1524 lutam
592 1443 681 1531 quod
701 1443 811 1506 iudice
833 1443 1007 1522 Schaefero
1030 1465 1178 1530 graecum
1203 1467 1272 1507 non
1300 1463 1366 1526 eat,

357 1531 536 1613 recepimus
559 1551 601 1592 ex
622 1529 693 1593 cod.
711 1531 785 1591 Vat.
808 1541 841 1592 ct
867 1545 1005 1615 quatuor
1021 1531 1095 1590 aliis
1117 1551 1170 1613 ap.
1192 1531 1367 1594 Gaisford.

356 1608 484 1692 ἄκικυς,
515 1616 538 1678 i.
551 1637 578 1678 s.
590 1611 744 1694 ἀσθενής,
772 1607 935 1689 clivosae.
956 1614 1045 1677 Idem
1060 1635 1171 1677 verum
1186 1614 1367 1680 videbatur

357 1700 517 1762 Pahnerio
538 1700 573 1760 in
596 1701 740 1762 Exercit.
763 1721 796 1782 p.
810 1697 885 1764 815.
913 1699 999 1761 Viris
1017 1699 1162 1782 Hesych.
1183 1723 1216 1762 v.
1235 1701 1365 1778 ἄκικυς.

232 1776 234 1785 ’
358 1784 525 1848 lacobsius
542 1783 582 1846 dc
597 1784 661 1847 hoc
676 1789 751 1846 loco
767 1785 814 1846 sic
822 1783 972 1847 disserit:
995 1787 1208 1862 „Memorato
1222 1785 1365 1872 dignum

357 1867 530 1932 videbatur
551 1867 752 1941 Theocrito,
780 1869 999 1946 Eusthenem,
1032 1869 1196 1932 hominem
1217 1885 1251 1932 et
1268 1892 1364 1953 pere·

358 1953 487 2040 grinum
510 1969 542 2014 et
566 1953 683 2036 opibus
705 1951 913 2030 destitutum,
952 1954 1073 2016 amicos
1096 1953 1265 2030 habuisse,
1299 1957 1364 2040 qui

359 2051 433 2101 eum
447 2059 512 2099 non
529 2038 637 2099 minus
652 2058 689 2099 ac
704 2038 917 2099 necessarium
939 2045 1093 2101 colerent.
1137 2038 1239 2124 ldque
1255 2039 1365 2123 inpri-

359 2125 421 2184 mis
437 2123 478 2184 ad
493 2122 670 2184 Eusthenis
684 2123 813 2184 laudem
828 2123 919 2184 facit.
962 2123 1124 2210 Singulari
1138 2125 1224 2186 enim
1237 2126 1366 2187 virtuto

359 2210 536 2270 instructus
556 2208 600 2269 sit
618 2223 759 2291 oportet,
785 2208 842 2293 qui
858 2208 942 2270 inter
955 2209 1364 2354 peregrinossvninsvir·

356 2293 438 2356 tutis
454 2314 568 2373 causa,
592 2313 652 2354 uec
667 2315 725 2377 per
738 2294 837 2354 vitam
853 2291 968 2371 modo,
1000 2313 1032 2355 se
1072 2294 1169 2355 etiarn
1185 2311 1261 2378 post
1275 2317 1362 2357 mor·

356 2391 441 2453 tem,
473 2392 538 2438 tom
561 2375 691 2440 sedulos
727 2377 847 2439 amicos
862 2377 1065 2461 .rcpercrit.“
1094 2379 1285 2465 Elegantem
1313 2397 1362 2442 ta·

358 2485 432 2524 meu
449 2462 582 2523 Heinsii
598 2463 835 2538 coniecturam,
867 2463 902 2522 in
920 2483 1014 2549 quam
1031 2476 1065 2525 et
1078 2463 1222 2525 Huetius
1238 2463 1362 2527 incidit

361 2570 392 2632 p.
408 2544 470 2626 80„
490 2547 592 2633 magis
611 2547 791 2630 probarunt
810 2547 1061 2624 Valckenarius,
1084 2549 1298 2636 Bruuckius(
1323 2551 1361 2610 ui

355 2654 423 2696 eam
448 2633 484 2692 iu
507 2647 602 2694 textu
625 2631 784 2714 reposuit)
805 2647 838 2693 et
853 2633 1020 2716 Toupios,
1054 2634 1110 2717 qui
1133 2633 1168 2694 in
1189 2571 1361 2697 Addenli·

355 2739 388 2802 p.
404 2715 477 2800 407.
501 2715 582 2778 haec
608 2714 722 2778 habet:
753 2715 874 2793 „Dicit
894 2733 1010 2800 poeta,
1047 2716 1227 2801 sophistam
1249 2720 1358 2796 illum,

357 2801 418 2864 etsi
445 2823 513 2862 non
533 2821 665 2862 vxorem
687 2801 825 2864 habebat
846 2823 907 2864 neo
927 2802 1047 2864 liberos
1069 2817 1125 2864 aut
1143 2802 1358 2890 propinquos,

355 2885 508 2948 habuisse
525 2901 652 2963 tamen,
676 2887 734 2970 qui
753 2887 924 2988 exsequias
936 2905 1009 2948 tuas
1025 2895 1210 2950 curarent.“
1227 2923 1271 2937 -·-
1286 2891 1358 2951 Ple·

355 2991 473 3056 rosque
487 2991 622 3055 peregre
637 2970 785 3032 viventes
804 2973 906 3034 fussee
923 2991 1035 3054 parum
1049 2973 1085 3032 in
1102 2972 1159 3034 illa
1176 2974 1355 3054 republica,

359 3056 394 3116 in
410 3077 473 3139 qua
490 3053 595 3116 sedem
611 3045 813 3117 fortunarum
829 3055 982 3132 fixerant,
1005 3071 1174 3140 potentes,
1195 3058 1358 3120 Reiskius

354 3139 411 3201 hic
428 3139 523 3200 docet
545 3160 586 3201 ex
602 3141 813 3224 Xenophont.
827 3141 1007 3203 Memorab.
1031 3141 1121 3203 Socr.
1137 3143 1181 3204 H.
1207 3164 1234 3204 ι.
1252 3149 1283 3221 o.
1305 3143 1355 3208 15.

324 3287 333 3320 Ι
359 3223 406 3287 14.
429 3227 544 3288 Kiessl.
559 3261 602 3274 -
617 3222 778 3308 κηδεμόνες
794 3247 861 3287 non
878 3227 1027 3298 fuerunt,
1051 3227 1108 3311 qui
1123 3227 1357 3310 proximeiuu·

357 3311 402 3370 cti
419 3325 511 3370 erant
536 3311 712 3394 sanguine,
743 3309 798 3372 sed
814 3311 983 3386 affinitate
1006 3314 1120 3372 iuncti.
1147 3310 1355 3392 Hesychiuss

356 3399 425 3472 αηδε
451 3391 535 3473 ivry,
566 3406 595 3463 οἱ
617 3393 681 3460 κατ’
694 3397 861 3478 ἐπιγαμίαν
880 3398 995 3462 οἰκεῖαι·
1011 3416 1045 3456 v·
1057 3395 1213 3459 Valcketn
1229 3395 1270 3457 td
1285 3397 1355 3456 Eu·

354 3423 451 3562 ripili
466 3479 632 3542 Phoeniss·
648 3499 680 3543 v.
697 3479 769 3544 451.
793 3501 826 3563 p.
845 3479 905 3566 159
920 3499 966 3564 sq.
1009 3481 1108 3544 Harl.

786 3649 864 3714 ΧΠ.

308 3762 360 3858 ιβ’.
383 3773 421 3834 In
434 3771 650 3844 Dcmotelcrn,
677 3769 735 3914 (plui
752 3793 848 3855 quum
865 3770 899 3830 in
916 3769 1015 3834 choro
1025 3749 1166 3833 uirorum
1182 3771 1354 3834 victoriam

350 3868 561 3939 reportasset,
601 3855 684 3914 Bscc
710 3876 730 3916 o
759 3853 918 3938 tripodem
938 3871 971 3918 et
992 3856 1198 3917 simulacrum
1223 3854 1355 3918 dedica·

351 3955 453 4003 verat.
495 3939 611 4004 Κιτιεῖ.

217 4063 227 4078 ’
309 4081 337 4125 ι.
359 4060 397 4118 In
421 4057 555 4119 nomine
571 4055 647 4130 viri,
663 4057 765 4118 cuius
787 4058 923 4118 victoria
940 4059 1005 4121 hoo
1026 4081 1043 4122 e
1067 4061 1353 4144 igrammatecele·

350 4144 470 4219 bratus,
495 4143 572 4204 mira
586 4140 657 4204 cdd.
673 4143 759 4204 inter
773 4164 806 4204 ss
820 4142 1013 4229 discrepant.
1043 4083 1083 4208 ln
1100 4143 1172 4206 edd.
1192 4159 1272 4209 vett.
1282 4153 1351 4214 Aa·
