2962 5020
274 441 580 508 'l'llEOCltlTI
612 441 896 506 IDYLLION
926 443 1052 510 XXII.
1109 449 1201 536 =boq
1256 491 1261 498 .

196 618 304 700 Dixit,
327 616 484 704 dictaque
496 615 577 682 deus
591 635 663 678 non
681 609 778 679 irrita
788 610 939 682 fecturus
952 627 1036 688 erat.

133 725 188 796 Itti
201 723 295 790 enim
307 720 344 788 in
355 719 502 786 humum
516 715 558 782 ab
574 715 726 782 humeris
736 737 839 784 arma
857 717 1096 807 deposuerunt,

2 899 3 918 χ
134 829 207 919 Qui
223 836 333 892 aetate
345 819 535 890 anteibant:
556 819 707 908 Lynceus
715 819 872 886 autemiu
880 821 1034 888 medium
1043 828 1207 914 processit

4 921 8 931 ’
133 930 300 1024 Qustiens
314 925 465 993 validam
479 921 611 1028 bustam
624 921 688 988 sub
702 923 790 990 scuti
807 947 868 990 ora
883 946 1038 992 summas

132 1033 267 1102 Pariter
279 1041 315 1097 et
326 1030 448 1096 Castor
466 1023 615 1090 vibravit
628 1025 744 1092 hastae
758 1025 932 1116 cuspidem

131 1136 259 1206 Fortisr
283 1145 319 1200 et
332 1129 466 1217 rtrique
479 1127 599 1194 cristae
613 1127 650 1194 in
664 1151 749 1194 cono
763 1129 878 1216 galeae
890 1129 1061 1200 nutabant.

62 1313 66 1324 ,
130 1239 251 1308 llestas
265 1235 417 1325 primurn
434 1230 615 1318 dirigentes
633 1229 835 1297 laborabant

131 1343 228 1412 Alter
242 1339 444 1414 inalterum,
453 1333 484 1400 si
498 1357 565 1420 que
577 1333 725 1422 corporis
740 1347 873 1423 partem
891 1335 1021 1404 nudam
1037 1336 1203 1408 viderent.
1272 1327 1275 1332 ¹

134 1443 201 1514 Sed
219 1440 385 1531 cuspides,
407 1438 606 1528 priusquam
622 1437 826 1504 alterutrum
845 1438 1031 1524 laederent,
1151 1471 1154 1478 ·

133 1546 315 1614 Hastarum
332 1541 459 1610 fractae
471 1549 559 1621 sunt,
581 1536 664 1606 diris
685 1539 788 1606 scutis
801 1539 938 1608 infixae.

136 1650 231 1714 Turn
245 1644 381 1712 ensibus
398 1641 551 1730 evagina
572 1639 728 1708 extractis
746 1642 883 1710 caedem
899 1665 1018 1710 rursus

136 1747 367 1816 Molicbantur
380 1747 444 1813 sibi
456 1757 590 1828 mutuo,
611 1765 723 1832 neque
741 1764 877 1832 pugnae
890 1745 1042 1830 remissio
1057 1759 1140 1814 erat.
1160 1761 1164 1768 '

135 1851 285 1920 Multum
306 1863 441 1918 scutum
462 1850 569 1916 latum
591 1858 627 1914 et
642 1859 833 1916 comantem
845 1847 978 1937 galeam

137 2027 348 2052 m

301 2158 338 2171 -
370 2154 406 2170 -
422 2187 426 2196 ,
445 2153 480 2176 -ι
520 2123 714 2198 τιτυσκόμενοι
728 2123 798 2186 sed'
814 2123 915 2200 {pstor

303 2193 439 2268 ἆλὶὴλιιν.

199 2307 368 2371 Praeterea
389 2309 549 2392 particula
568 2311 658 2376 εἵπου
683 2308 718 2368 in
734 2309 792 2370 tali
807 2305 1051 2374 constructione
1068 2333 1205 2396 semper,

203 2392 293 2477 quod
307 2394 528 2470 meminerim,
552 2393 657 2477 primo
671 2397 746 2456 loco
761 2395 934 2478 ponitur.“
976 2395 1142 2479 Schacfer.

159 2515 232 2606 189.
258 2537 327 2605 ¹9⁰·
350 2517 500 2580 Forsitan
517 2517 615 2578 scribi
634 2517 729 2581 debet
742 2515 949 2598 δαλὴσασθιιι·
979 2507 1111 2585 vide'ad
1125 2545 1209 2586 vers.

206 2622 276 2686 127.
297 2637 340 2652 -
361 2600 445 2686 Aoip'
458 2635 502 2648 —
515 2603 549 2667 ἐν
564 2607 704 2670 irrisores
719 2611 769 2684 [vt
782 2621 830 2667 est
843 2604 942 2688 Idyll.
957 2605 1046 2670 XVI.
1062 2629 1078 2683 7
1103 2607 1126 2693 .]
1143 2613 1208 2670 ele·
1223 2657 1238 2670 ,

201 2703 316 2774 genter
333 2687 424 2748 dedit
438 2685 559 2748 Reislte
574 2685 615 2750 de
630 2687 834 2764 coniectura,
856 2690 985 2776 hocque
1001 2628 1155 2755 Valclen.
1171 2693 1207 2754 in

201 2787 327 2835 textum
350 2770 497 2846 admisit,
528 2786 651 2834 retenta
674 2774 778 2835 forma
800 2771 893 2859 δοῦρ’.
914 2779 1014 2839 Harl.
1057 2778 1208 2840 Nimium

201 2857 434 2920 Valckenarius
445 2854 573 2917 Reiskii
589 2858 796 2922 coniecturas
809 2858 941 2922 videtur
954 2861 1115 2925 tribuisse.
1138 2863 1206 2948 Qui

201 2941 385 3005 meminerit
401 2940 630 3025 descriptionis
644 2947 831 3027 clypeorum
847 2960 970 3028 septem
986 2945 1104 3009 ducum
1119 2947 1206 3033 apud

200 3027 398 3109 Aeschylum
422 3043 509 3087 a·vs.
532 3023 593 3111 572
611 3049 680 3112 sqq.
705 3027 733 3088 is
757 3033 816 3090 uix
846 3027 1028 3109 dubitabit,
1059 3049 1096 3095 vt
1120 3054 1206 3095 arma

203 3113 355 3187 omuino,
379 3110 426 3172 sic
441 3109 540 3172 etiam
564 3115 676 3195 clypea
693 3127 779 3176 recte
793 3112 859 3175 dici
874 3113 967 3181 dated·
997 3137 1094 3202 quare
1112 3118 1206 3179 resti·

203 3199 255 3261 tui
271 3196 415 3260 omnium
429 3193 586 3258 librorum
605 3197 783 3260 lectionem
798 3202 850 3267 ἐπὶ
866 3203 1002 3269 δεινοῖσι.
1046 3205 1163 3266 Kiessl.

162 3335 233 3404 191.
262 3316 457 3378 Lectiooem
482 3313 635 3377 Aldinam
656 3315 703 3400 [et
728 3315 819 3380 duor.
842 3317 930 3402 cdd]
955 3313 1090 3401 acircio,
1123 3343 1207 3406 quaa

202 3401 272 3502 iam.
284 3401 420 3462 Reiskio
437 3401 473 3462 in
486 3401 576 3465 notis
591 3401 734 3483 placuit,
757 3403 975 3502 lsalclsenario
990 3405 1098 3506 inrito
1115 3427 1207 3506 revo-

202 3484 1207 3656 ittilttltttttttttttttdtttttffitttltttlt:

203 3659 303 3718 Harl.
345 3655 398 3715 De
420 3655 523 3716 forma
547 3657 679 3722 notroii'r
700 3656 768 3720 vid.
783 3661 893 3720 locum
905 3660 1074 3723 Euststbii
1088 3659 1207 3744 repeti·

202 3739 488 3824 tumadvs.172.
522 3742 638 3806 Krbssl.

162 3839 237 3942 ¹9⁵:
256 3839 428 3987 lnndsoploc
441 3856 490 3904 est
510 3843 935 3994 ‘iithemnflgiiii‘kifflm
949 3860 1062 3993 verthpr
1074 3842 1207 3990 filiii?

203 3935 366 4079 iiiiii
380 3947 505 4073 diiii
521 3949 659 4096 ..itt
672 3951 997 4099 n....'.‚p.⁹s.'ii¹¹.'{,?
1014 3955 1110 4076 fils?
1152 3969 1208 4074 ni

204 4098 367 4160 vocabulo
382 4095 560 4180 τρυφάλεια,
583 4097 669 4182 quod
685 4096 901 4161 diversimode
926 4099 1119 4180 explicatur,
1139 4094 1208 4161 vid.

203 4182 376 4246 Heinrich.
392 4180 435 4242 ad
448 4182 537 4246 Scut.
552 4183 685 4246 Hercul.
704 4203 737 4267 p.
756 4183 815 4250 158
831 4205 899 4270 sqq.
939 4181 1057 4245 Kie'ssi.

767 4265 835 4358 Qu
