2874 5018
251 415 557 490 ‘innocuum
599 411 883 476 mustos
924 413 1003 478 111.
1048 427 1050 434 ·
1098 436 1155 486 nt

9 577 10 580 ¹
88 589 161 656 Pes·
174 587 336 654 hederam
350 600 529 678 penetrans
544 594 577 650 et
590 581 732 666 filicem,
754 595 871 671 quatu
885 586 1080 671 contegeris.

87 691 195 758 Nunc
208 692 307 773 novi,
331 689 413 778 quid
434 691 475 754 sit
496 689 621 759 Amos:
651 685 765 774 gravis
786 687 878 754 deus·
899 689 999 756 Certo
1023 691 1158 760 leaenae

89 797 286 860 Mammam
302 792 411 875 suxit,
433 792 538 878 inque
552 788 690 856 saltibus
706 810 783 854 curn
799 787 959 856 educavit
972 805 1097 862 matera
1135 805 1138 827 ¹

90 896 170 988 Qui
183 920 240 962 mc
256 895 421 986 peredeus
438 893 480 958 ad
494 917 568 963 ossa
582 914 691 978 voque
704 889 817 960 laedit

9 1015 11 1148 q
90 1001 125 1066 Ο
140 999 261 1088 puella
282 998 395 1066 forma
408 1007 569 1078 venusta,
596 1007 667 1062 tola
683 1017 800 1060 saxea:
830 1015 851 1058 o
867 991 908 1058 ab
923 993 1029 1082 nigris
1044 999 1163 1070 decors

9 1149 11 1188 5
504 1181 507 1188 γ
681 1095 864 1186 superciliis

9 1239 10 1242 ¹
88 1203 274 1292 Nympha,
296 1198 793 1293 amplecteremecsprarium,
813 1201 1055 1270 vtteosculer.

162 1479 320 1564 Magistri
343 1479 379 1542 in
400 1501 434 1546 -ν,
448 1475 580 1556 Μαστδς
602 1478 820 1562 rescripserat.
843 1478 933 1542 idem
951 1495 1056 1550 tamen
1071 1483 1107 1544 in
1119 1489 1164 1546 sl-

163 1577 232 1626 ters
248 1563 342 1625 Edit.
357 1585 416 1646 pro
437 1565 577 1649 vulgatis
599 1561 750 1642 ἐθήλαζεν
772 1579 805 1626 et
821 1564 929 1646 i'tpsqe
943 1567 1066 1649 recepit
1082 1567 1163 1647 ἐθή-

160 1655 251 1728 λαξε,
276 1648 364 1734 quod
385 1650 505 1796 legitur
526 1651 562 1710 in
581 1647 664 1716 Cod.
678 1648 769 1716 Med.
784 1650 847 1738 Ed.
867 1652 956 1716 Flor.
975 1666 1007 1712 et
1023 1652 1163 1716 Stobseo

165 1758 196 1818 p.
210 1734 294 1812 401,
318 1734 369 1798 50.
391 1739 405 1815 (
437 1749 500 1802 rot.
524 1757 557 1818 p.
580 1733 672 1820 269.)
696 1733 849 1820 quodque
869 1735 931 1796 ism
952 1735 986 1794 in
1004 1736 1107 1820 Epist.
1125 1739 1165 1801 sd

165 1823 286 1882 Riiver.
309 1840 342 1901 p.
359 1821 446 1888 LXI.
462 1819 631 1902 probarat,
656 1835 689 1880 et
702 1820 831 1903 ἔτραᾳε,
855 1817 942 1908 quod
963 1821 1040 1882 item
1062 1827 1165 1888 aSto·

164 1903 265 1980 baec,
299 1901 383 1970 Call.
406 1905 638 1990 nonnullisque
662 1903 743 1968 cdd.
768 1904 911 1968 oblatum
931 1904 992 1966 iam
1011 1907 1166 1972 Reiskius

166 1987 280 2050 edidit.
305 2024 347 2038 -
372 1987 471 2072 Quod
492 1989 804 2059 tamenBtnncltius
831 1989 929 2064 dicit,
955 2005 1080 2073 tempus
1103 2000 1167 2056 im-

163 2073 338 2156 perfectum
346 2073 404 2134 hic
416 2077 523 2136 locum
540 2095 606 2134 non
623 2073 751 2152 habore,
776 2071 839 2136 hoc
849 2097 961 2144 verum
976 2097 1043 2138 non
1058 2095 1168 2140 est.—

167 2158 319 2240 Ceterum
341 2158 407 2220 huc
427 2172 550 2242 spectat
564 2158 758 2223 Euststhiiss
781 2157 821 2220 sd
841 2158 935 2222 Iliad.
958 2189 999 2234 π,
1022 2183 1054 2244 p.
1074 2185 1165 2243 1070,

169 2261 219 2308 12.
238 2269 283 2306 ==
299 2244 391 2308 1054.
402 2245 437 2309 ἔκ
451 2245 506 2309 τοῦ
517 2241 599 2328 χόλῳ
617 2245 771 2327 τραᾳῆναι
785 2243 836 2315 τόν
849 2241 993 2314 δύσκολον
1006 2254 1059 2313 καὶ
1076 2247 1168 2332 sinoti·

167 2337 275 2416 χολον,
304 2331 447 2406 εἴληπται
468 2327 552 2411 παραὶ
572 2329 616 2414 τῷ
629 2327 856 2412 βουκολιᾶζοντι
874 2329 910 2396 τό
928 2331 1031 2414 μαζῶν
1046 2340 1168 2412 λεαίνης

167 2409 306 2493 oninium
321 2413 410 2499 γάλα.
433 2416 549 2476 Kiessl.
572 2449 614 2463 -
636 2411 740 2482 ἰάπτει
758 2439 825 2483 non
851 2422 955 2480 solum
977 2419 1166 2500 genuinum,

167 2495 224 2562 sed
234 2499 354 2559 fortius
369 2501 464 2560 etiam
478 2499 518 2562 ad
532 2499 622 2582 prius
638 2499 812 2562 membrum
825 2501 1054 2584 explicandum
1070 2519 1167 2589 atque

168 2585 236 2646 vim
252 2583 431 2668 augendam
438 2583 520 2644 mihi
533 2581 666 2666 ,quidem
681 2583 822 2661 videtur,
846 2605 940 2668 quam
953 2587 1060 2666 issisti,
1079 2587 1169 2670 quod

76 2698 86 2720 ·
168 2669 365 2731 sWartono
387 2668 424 2730 in
441 2668 570 2752 aliquot
594 2665 689 2729 bonis
714 2665 808 2728 codd.
826 2685 1035 2752 repertumst
1053 2663 1169 2754 probs·

170 2769 260 2831 tum,
286 2753 487 2815 s'Bruncltio
509 2752 697 2835 rescriptum
720 2766 829 2835 atque,
842 2751 878 2815 in
896 2754 983 2816 notis
1000 2753 1170 2820 defensum

170 2854 229 2902 est.
260 2837 339 2900 Non
360 2839 422 2900 erit
444 2835 564 2922 frigida
586 2837 787 2922 tautologia,
810 2837 837 2897 si
853 2859 917 2898 rem
932 2839 1073 2902 curatius
1089 2864 1169 2925 pen·

170 2925 255 2986 sites.
279 2923 347 3006 [Me
360 2945 544 2986 consanum
565 2925 615 2983 ita
639 2923 757 2998 laedit,
781 2933 817 2984 vt
840 2925 888 2984 ad
897 2946 972 2985 osso
987 2925 1063 2985 adeo
1072 2949 1170 3008 pene·

173 3023 241 3070 tret.
266 3007 456 3158 qujEtiam
468 3005 658 3070 Valckenar.
675 3009 710 3067 in
725 3011 824 3069 alters
838 3006 921 3073 edit.
938 3005 1043 3074 ἰάπτει
1057 3009 1169 3074 deten-

172 3091 231 3156 dit.
253 3129 297 3144 -
351 3115 369 3154 e
387 3092 499 3154 vocab.
513 3089 719 3178 κατασμύχειν
733 3115 764 3153 v.
779 3091 961 3164 Hemsterh.
979 3093 1019 3158 ad
1029 3097 1169 3160 Lucisn.

171 3193 250 3242 tom.
265 3183 290 3242 1.
304 3199 337 3262 p.
355 3177 427 3243 552.
443 3177 477 3238 h.
492 3181 514 3239 l.
531 3175 570 3238 dc
584 3182 706 3241 latente
721 3178 838 3239 amoris
854 3177 939 3280 igne,
954 3179 1011 3262 qui
1028 3181 1170 3244 animum

171 3261 459 3410 conqcitqllloqch.
473 3261 529 3326 Vl.
543 3265 574 3328 l.
585 3261 662 3352 ἔρως
678 3259 705 3328 δ’
712 3259 850 3350 ι’σμὺχετ’
860 3267 981 3350 αμοιβᾷ
997 3301 1040 3356 -3
1058 3265 1171 3352 ibique

171 3351 239 3412 Hes
265 3395 272 3411 .
355 3369 415 3408 ar.

131 3448 183 3517 18.
204 3451 453 3548 nocentioupfo
472 3455 605 3595 vnlqsto
619 3449 912 3553 uoqoooiqoevsick.
925 3450 977 3512 bis
991 3453 1172 3552 etBruncit.

173 3551 258 3600 recte
286 3533 490 3618 expluribus
514 3557 529 3596 c
554 3533 586 3602 d.
607 3546 674 3604 ποθ
700 3536 807 3620 iquos
829 3533 901 3597 cod.
924 3536 1010 3622 Aug.
1032 3539 1100 3613 [De
1123 3537 1171 3598 d1·
1275 3555 1277 3558 ·

175 3622 286 3683 ctione
307 3617 344 3686 co*
358 3619 420 3684 πᾶν
433 3623 524 3696 litteo
537 3621 746 3688 cf.Vslcken.
766 3619 807 3680 sd
819 3619 927 3683 Adon.
947 3642 980 3705 p.
995 3621 1068 3686 416.
1085 3621 1123 3687 A
1139 3636 1173 3684 et

198 3727 258 3768 use
273 3727 334 3766 nos
348 3703 389 3765 sd
402 3703 470 3767 XV.
486 3723 536 3768 20.
553 3707 759 3768 contulimus.
784 3705 924 3791 Hiemi]
941 3741 983 3754 -
1002 3706 1172 3769 Commen-

174 3727 265 3852 istio
291 3785 521 3873 pulcritudinis
543 3812 560 3849 a
579 3791 760 3876 superciliis
782 3806 831 3852 est
853 3790 940 3873 apud
961 3807 1086 3856 veteres
1108 3793 1172 3854 fre·

174 3895 287 3959 quens.
302 3896 333 3936 v.
348 3875 465 3941 Anser.
482 3872 542 3947 28.
568 3873 616 3942 15.
634 3895 702 3960 sqq.
722 3890 754 3938 et
769 3897 865 3940 carm.
881 3895 940 3962 29,
968 3895 1017 3944 10.
1033 3897 1103 3960 sqq.
1115 3875 1170 3937 vbi

168 3959 245 4025 vide
268 3974 401 4035 notum,
424 3973 457 4020 et
477 3959 578 4028 indic.
600 3958 640 4020 ad
657 3959 792 4034 Anthol.
808 3983 855 4046 gr.
870 3975 959 4044 poet.
982 3958 1017 4022 in
1036 3959 1172 4036 κυάνεος·

172 4047 250 4109 item
268 4045 420 4106 Warton.
437 4041 476 4103 ad
491 4059 638 4106 nostium
650 4050 769 4110 locum.
811 4049 910 4108 Harl.

9 4183 11 4190 ι
128 4169 180 4239 ¹9·
197 4165 250 4216 so.
272 4143 360 4208 Vide
374 4151 503 4232 longam
523 4144 563 4208 de
578 4145 629 4208 his
650 4147 798 4212 versibus
816 4147 1075 4214 observationem
1092 4144 1167 4212 Vol·
