2874 5018
283 449 897 518 THEOCRITIIDYLLION
929 455 1011 520 111„
1114 459 1174 528 125
1259 483 1265 492 ·

117 618 238 688 Dulcis
252 619 358 688 mellis
372 618 473 686 instar
485 619 550 685 hoe
572 618 633 685 tibi
647 641 709 708 per
723 631 841 707 guttur
855 622 1040 692 descendet.

129 883 1149 915 -—--—----------·---.,

400 1071 914 1142 ARGVMENTVM

473 1243 727 1301 rDYLer
768 1244 824 1305 ιν.

208 1456 283 1517 Hoc
299 1453 443 1537 Idyllion
458 1469 564 1518 totum
580 1473 628 1518 eet
642 1453 827 1522 bucolicum
842 1472 876 1518 et
887 1457 1060 1524 mimicum.
1105 1465 1180 1530 Col.

6 1629 8 1648 .
120 1563 304 1642 loquuntur
315 1569 478 1639 pastores,
501 1572 537 1618 vt
554 1556 704 1633 videtur,
726 1560 931 1636 mercenarii,
955 1584 1022 1625 non
1045 1583 1176 1647 certum,

121 1679 187 1744 quo
203 1657 309 1718 omnis
323 1679 426 1718 sermo
442 1657 571 1738 tendas,
595 1661 692 1740 finem
714 1663 919 1746 propositum
936 1661 1109 1746 habentes;
1134 1678 1179 1734 sl·

119 1774 189 1835 ter,
213 1757 388 1842 Corydon,
413 1759 555 1844 Aegonis
569 1761 754 1838 cuiusdam,
776 1763 833 1850 qui
848 1785 888 1824 ex
901 1763 1043 1831 bubulco
1060 1771 1181 1836 athleta

121 1863 227 1926 factus
252 1883 324 1923 cum
346 1861 477 1924 Milone
499 1860 539 1923 ad
561 1864 732 1925 certamina
750 1863 921 1949 Olympico
937 1871 1104 1952 ppofeotus
1118 1891 1178 1954 est,

6 2041 7 2048 ἵ
121 1977 263 2026 armenta
279 1965 400 2047 pascit3
426 1969 522 2044 alten,
546 1967 677 2042 Battus,
702 1955 822 2028 dicacis
844 1965 941 2030 homo
962 1972 1105 2057 ingenii,
1130 1999 1181 2040 ιο.

121 2065 225 2129 dalem
245 2067 343 2128 variis
372 2065 517 2130 dicteriis
541 2067 679 2152 pungit,
712 2068 922 2155 Aegonisquo
939 2071 1043 2137 bobus
1065 2078 1178 2164 inepto

124 2169 252 2232 custodi
282 2169 457 2232 oommissis
476 2185 680 2254 properatam
700 2185 834 2233 mortem
855 2172 1062 2240 vaticinatur.
1106 2184 1177 2262 Ille,

121 2271 218 2333 horno
231 2277 341 2334 lentus
363 2271 560 2356 minimeque
580 2269 773 2348 iracundus,
797 2272 838 2336 ad
858 2276 965 2338 omnin
985 2279 1113 2362 placide
1131 2305 1179 2346 re-

122 2371 271 2455 spondet.
314 2375 405 2434 Dum
428 2372 695 2452 confabulantur,
723 2373 820 2436 rituli
843 2395 996 2463 vagantes
1019 2387 1103 2446 olens
1126 2407 1178 2446 ro·
1254 2387 1256 2392 '

119 2473 218 2550 dunt,
243 2496 325 2560 quos
349 2473 427 2536 iude
446 2475 610 2560 depellens
633 2477 748 2537 Battus
764 2477 857 2560 spina
876 2480 1027 2543 laeditur.
1074 2461 1178 2547 Cuius

117 2581 238 2637 vulnus
261 2576 336 2637 dum
354 2575 508 2660 Corydon
529 2592 639 2652 curat,
663 2598 761 2638 senex
783 2579 928 2664 Aegonis
949 2599 1042 2666 pater
1056 2587 1181 2648 alicubi
1299 2630 1302 2638 .

6 2727 7 2730 ,
119 2679 340 2762 conspicitur-5
364 2698 429 2764 quo
449 2679 521 2742 viso
535 2678 675 2740 remilia
696 2677 746 2738 illi
767 2679 924 2763 quaedem
941 2683 979 2745 de
1002 2687 1071 2747 eius
1090 2689 1182 2749 lasci·

119 2781 173 2839 via
197 2779 330 2844 iactant.
374 2780 555 2843 Iucundum
577 2793 625 2841 est
642 2799 767 2840 carmen
787 2796 921 2864 propter
937 2781 1184 2852 vividam‘vitae

121 2881 311 2964 pastoritiae
325 2881 602 2945 adumbrationem
615 2901 815 2968 morumque,
833 2886 1027 2950 rusticorum
1042 2891 1182 2978 quidem,
1270 2978 1273 2986 Ι

123 2983 159 3041 in
175 3003 214 3044 eo
229 3005 407 3067 expressam
431 2985 629 3048 varietatem.
672 2986 738 3046 Res
753 2986 862 3070 agitur
880 3011 949 3050 non
964 2992 999 3052 in
1012 2995 1088 3057 vrbe
1105 2993 1183 3058 Cro·

121 3099 217 3157 tone,
241 3083 298 3146 sed
316 3107 390 3148 rnre
407 3085 584 3150 admontis
605 3088 685 3150 oleis
702 3089 821 3148 consiti
838 3091 973 3158 radices.
1018 3095 1103 3158 Vide
1118 3119 1181 3162 vas.

119 3184 171 3250 44.
190 3209 234 3271 sq.
265 3221 308 3234 -
334 3189 493 3275 Virgilius
514 3190 578 3251 hoo
601 3187 745 3272 ldyllion
766 3212 838 3252 cum
861 3195 978 3280 quinto
1003 3193 1038 3257 in
1058 3199 1181 3284 Ecloga

120 3288 217 3351 tertia
228 3287 375 3350 imitatus
388 3305 445 3352 est.
