2942 5014
459 469 883 552 enrrerrM‘ArA.
1138 497 1206 586 '737

486 651 539 718 nv
581 653 723 720 roan.
764 653 846 740 xv.

138 755 340 841 intelligam,
357 756 713 822 vtrurntribuashonis
730 758 816 844 plus,
840 781 882 822 an
898 759 1013 848 etipse
1025 763 1202 855 improbus

223 858 315 937 Ate,
338 857 466 934 viator,
488 859 643 924 slmillter
659 853 750 924 idem
767 860 932 925 obtitreat.

138 959 273 1028 Salveto
288 961 344 1025 hic
358 963 528 1042 tumulus,
551 962 698 1048 inquies:
721 985 802 1028 nam
818 955 1084 1052 Eurymedontis

222 1065 312 1130 Iacet
326 1085 462 1128 sacrum
477 1064 558 1130 levis
572 1088 677 1155 super
691 1075 802 1152 capnt.

199 1183 254 1251 ln
298 1183 679 1252 anacaaonrrs
724 1171 993 1252 srarvan.
1036 1187 1136 1262 xvr.

137 1285 382 1373 Co'ntempla're
395 1299 539 1352 statuam
557 1288 660 1370 hanc,
684 1312 704 1352 c
719 1287 868 1374 quisquis
883 1311 928 1366 cs,

221 1388 396 1468 Studiose,
419 1400 452 1453 et
468 1390 537 1470 dic,
560 1411 667 1474 quum
683 1389 824 1454 domum
836 1390 985 1476 redieris,

136 1491 358 1564 Anacreontis
373 1489 554 1578 imaginem
568 1493 638 1558 vidi
654 1493 691 1556 in
705 1495 790 1568 Teo,
851 1501 859 1518 ·

221 1597 446 1680 Antiquorum
460 1605 659 1681 poetarum,
680 1593 706 1660 si
728 1593 919 1678 quisalius,
943 1600 1145 1668 excellentie.

134 1697 366 1779 sinodicam,
388 1697 566 1763 iuvenibus
584 1721 663 1761 eum
681 1697 881 1761 delectatum
895 1695 1008 1782 fuisse,

219 1801 388 1890 Depinges
401 1813 557 1866 accurate
570 1813 678 1865 totum
693 1798 816 1864 virum.

356 1936 409 2004 IN
450 1935 815 2004 EPICH'ARMVM.
858 1934 980 2002 XVII.

133 2043 226 2112 llaec
243 2061 314 2106 vox
329 2050 381 2102 est
394 2035 537 2118 Dorica,
562 2050 594 2102 et
611 2039 679 2119 vir,
704 2037 762 2126 qui
776 2037 983 2105 comoediam

218 2141 368 2222 Invenit,
390 2139 626 2228 Epicharmus.

134 2313 344 2334 μ

157 2424 161 2430 ’
195 2406 279 2474 leius
302 2408 336 2467 in
351 2409 442 2480 Dies.
462 2406 502 2470 de
520 2407 646 2470 Phalar.
670 2432 702 2491 p.
720 2405 790 2473 108.
805 2413 851 2490 (p.
870 2407 941 2492 259·
959 2403 1084 2492 Llpssds
1108 2408 1196 2490 qumi

197 2508 273 2556 ante
298 2515 372 2554 eum
394 2493 480 2554 nihil
505 2496 540 2554 in
562 2493 624 2554 hoc
644 2516 759 2578 genere
783 2494 939 2576 scripturn
961 2493 1072 2554 fuerit.
1116 2495 1197 2554 Erat

197 2577 285 2642 enim
300 2577 481 2664 Tragoedia
502 2593 535 2640 et
551 2577 747 2654 Comoedia,
779 2593 815 2640 vt
834 2597 966 2650 necesse
983 2592 1051 2637 erat
1067 2591 1142 2637 ante
1157 2577 1195 2637 li·

196 2679 337 2726 terarum
352 2685 444 2724 veum
466 2685 516 2746 ap.
538 2665 678 2726 Graecos
700 2667 878 2746 vulgatam,
908 2674 977 2721 tota
994 2659 1196 2744 αὐτοσχεδια-

194 2741 302 2826 creari,
331 2762 368 2810 vt
386 2747 434 2806 ait
450 2749 616 2808 Aristotel.
640 2747 674 2806 in
695 2749 783 2812 Poct.
807 2770 833 2808 c.
848 2747 905 2807 tv.
928 2744 988 2806 Sed
1006 2745 1093 2821 vide,
1112 2767 1195 2830 quae
1296 2767 1299 2772 ·

197 2834 237 2897 de
266 2833 345 2893 artis
360 2831 561 2908 ¹dramaticus
589 2853 641 2916 sp.
664 2833 842 2894 Dorienses
869 2829 948 2893 flore
972 2851 1075 2912 nuper
1098 2829 1194 2892 docte

195 2917 377 3002 disputavit
390 2917 559 3001 Boettiger
575 2915 609 2976 in
622 2918 745 2979 Prolue.
761 2917 800 2978 de
816 2931 955 3000 quatuor
972 2909 1130 2976 aetatibus
1146 2917 1194 2977 rei

197 3001 346 3064 scenicae
365 3024 399 3085 p.
415 3001 445 3065 6.
475 3001 565 3063 Inter
586 3002 877 3086 praestantissimos
900 2997 1097 3062 Comoedias
1117 2999 1195 3060 scri·

133 3097 135 3108 '
193 3103 303 3172 ptores
325 3102 512 3166 numeratur
527 3087 739 3170 Epicharmus
761 3109 811 3170 ap.
825 3088 992 3147 Platonem
1009 3083 1043 3142 in
1059 3082 1192 3145 Theaet.

130 3251 134 3257 Ι
194 3175 288 3234 Tom.
306 3171 330 3234 l.
345 3193 376 3254 p.
391 3169 460 3234 152.
474 3171 514 3232 E.
525 3175 584 3238 τῶν
598 3171 733 3249 ποιηιῶν
749 3179 778 3237 ol
795 3172 883 3256 ἄκροι
897 3165 1194 3247 τῆςποιήσεωςὲκα-

192 3255 978 3424 tartunam?{tanstulit}
993 3251 1193 3400 littra

191 3433 324 3488 lustrem
345 3423 506 3501 reddidit,
537 3425 622 3489 idem
652 3427 694 3486 sit
712 3388 784 3486 hum
803 3423 1009 3506 Pythagoreo
1028 3419 1192 3506 ὁμωνύμῳ,

191 3513 264 3572 fuse
284 3510 464 3593 disputavit
479 3513 652 3598 Mcngitor
672 3511 704 3570 in
721 3511 806 3572 Bibl.
828 3511 893 3570 Sic.
914 3513 1005 3568 Tom.
1022 3509 1049 3568 Ι.
1070 3529 1102 3590 p.
1122 3505 1192 3569 180.

191 3595 352 3656 Diversos
366 3609 460 3676 putat
475 3597 590 3659 Saxius
605 3598 639 3658 in
656 3585 773 3657 duom.
789 3595 814 3656 I.
835 3617 866 3678 p.
883 3592 956 3674 557.
979 3591 1064 3658 Vide
1079 3591 1190 3652 Fabri·

191 3679 236 3739 cii
250 3677 337 3739 Bibl.
354 3679 409 3740 Gr.
426 3683 464 3740 T.
479 3681 521 3742 II.
536 3704 568 3764 p.
584 3689 644 3767 298
658 3675 728 3766 sqq.
745 3679 795 3742 ed.
818 3681 915 3740 Harl.
937 3677 1061 3738 Jacobs.

151 3816 180 3862 1·
193 3796 246 3882 J'A
257 3823 289 3862 rs
310 3793 409 3878 φωνά.
437 3799 492 3859 De
512 3799 585 3881 ipso
603 3799 668 3861 hoc
691 3799 832 3860 carmine
848 3796 915 3858 sive
939 3808 1064 3855 statuae
1077 3788 1191 3851 inscri-

191 3882 308 3965 ptione
322 3881 469 3962 accipio,
502 3898 538 3944 vt
561 3884 595 3944 in
611 3885 672 3966 Ep.
692 3884 841 3966 Sapphus
861 3881 905 3942 Π.
930 3867 1054 3970 Ποιιὸνῆι
1067 3875 1207 3954 ἅφωνος’

190 3971 279 4034 ἶθῖθα
292 3963 357 4033 ‘dd'
370 3968 495 4038 imitat·
519 3974 556 4033 αἴ
567 3996 613 4043 τις
623 3970 726 4048 ἔρηται
732 4013 742 4042 ,
773 3963 886 4034 uuida
900 3961 1191 4042 dsoepdrovrxurtts-

192 4053 269 4132 μένα
284 4050 348 4136 πρό
362 4053 474 4117 nadair.
492 4051 547 4114 vbi
565 4053 640 4114 vide
657 4069 725 4114 not.
748 4055 809 4114 Par
825 4065 931 4110 autem
947 4059 1013 4107 crat
1057 4049 1189 4130 'carmen

191 4137 226 4196 in
248 4138 354 4198 virum
367 4137 564 4198 Doriensem
580 4139 703 4202 Dorica
719 4136 857 4198 dialecto
874 4087 1101 4204 concambiv-
1113 4122 1191 4192 Ad-

190 4215 588 4328 assosetmupdapeam,
607 4221 852 4372 ameSsseplglan.
895 4213 1075 4312 lucubrat*
1129 4303 1138 4321 ὗ
1202 4245 1204 4252 ·

826 4323 843 4366 2
