2878 5016
257 473 564 540 rnnocarrt
605 473 884 542 rnrtnron
922 477 987 547 xt
1095 477 1160 572 507

94 643 170 715 Iade
182 645 225 713 ab
237 667 376 731 aurora,
396 643 653 712 infestissimum
667 644 795 712 habene
810 647 873 714 sub
885 627 1021 738 pectore
1033 653 1158 723 vulnus

95 751 221 828 Venere
240 773 285 818 ox
305 748 457 840 potenti,
488 769 576 836 quae
589 749 621 814 ei
632 747 669 834 iu
682 748 804 836 hepate
819 749 942 818 fixerat
953 754 1071 824 telum.

95 851 154 920 sed
169 853 363 920 remedium
377 853 527 934 invenit,
548 851 735 939 aedemque
750 853 788 918 in
802 873 890 940 rupe

8 1031 9 1034 Ἴ
92 953 275 1038 Pramum,
296 957 333 1023 in
350 979 445 1024 mare
457 965 693 1045 prospectant,
715 955 794 1030 talia
807 957 967 1026 cauebatr

8 1045 9 1060 ¹
150 1058 509 1144 omndidaGrlatea,
531 1057 611 1147 quid
627 1069 798 1123 amantem
812 1061 967 1149 respuis?

8 1167 10 1250 l
93 1159 269 1228 Candidior
283 1184 381 1228 caseo
394 1161 571 1251 adspectu,
593 1159 744 1228 tenerior
756 1182 856 1248 agno,

8 1255 10 1340 i
89 1263 199 1338 rVitulo
211 1263 385 1350 lascivior,
405 1263 906 1356 splendidiorvvaimmaturac

8 1347 10 1474 l

8 1575 10 1680 y
150 1561 185 1632 h.
196 1568 220 1628 1.
233 1579 272 1628 vt
286 1584 381 1650 caepe
393 1567 478 1626 enim
488 1561 692 1651 significare,
716 1563 845 1627 monuit
858 1559 991 1626 Reialte.
1032 1565 1150 1630 Kietel.

8 1681 9 1706 ;
112 1655 159 1726 18.
179 1652 306 1718 wandra
318 1651 610 1735 primamcorripit.
621 1649 930 1720 r.DorvilleVann.
947 1647 1016 1710 crit.
1031 1671 1063 1734 p.
1074 1651 1148 1738 419.

8 1739 9 1752 ¹
149 1735 269 1798 Aldina
284 1737 387 1822 igitar
397 1736 511 1816 lectio,
532 1755 615 1821 quae
627 1735 822 1798 auctoritate
829 1734 966 1796 duorum
982 1733 1053 1796 cdd.
1069 1737 1148 1797 niti·

149 1836 214 1900 tur,
223 1819 337 1890 τοιαῦτ’
349 1821 460 1901 ἤειδεν,
476 1822 625 1882 facessat·
648 1821 746 1882 Harl·
768 1819 1004 1900 τοιαῦταξᾶειδεν
1012 1820 1149 1883 Vrsinus

92 1929 94 1934 ·
150 1905 267 1992 Virgil.
284 1927 357 1968 cum
379 1905 435 1969 Gr.
458 1907 568 1989 script.
589 1910 661 1969 coll.
685 1927 717 1990 p.
735 1927 783 1992 17.
817 1907 900 1974 terte
925 1907 1053 1974 τοιαῦτα
1075 1927 1148 1970 cum
1254 1917 1257 1921 '

148 1996 236 2080 vulg.
250 1990 372 2053 habent
383 1990 469 2057 lunt.
485 1991 566 2053 Call.
579 1990 756 2076 Hephaeat.
770 2013 803 2076 p.
821 1989 851 2056 4.
895 1991 1013 2053 Kieatl.

43 2133 47 2143 ·
111 2113 159 2165 2'0.
178 2120 230 2184 21.
250 2099 393 2168 Beckiuc
412 2101 449 2162 in
471 2117 642 2166 comment.
665 2101 706 2166 de
721 2103 887 2188 interpret.
902 2119 983 2166 vett.
1000 2101 1148 2186 scriptor.

148 2207 182 2272 p.
202 2187 242 2249 V·
264 2183 302 2267 d)
320 2185 416 2247 verba
444 2189 570 2254 leonori
588 2215 609 2254 a
630 2224 674 2238 -
695 2183 781 2272 ω’μᾶς
802 2186 841 2250 ad
867 2189 1168 2271 compellationem·

149 2275 278 2358 puellae
303 2285 413 2333 censet
436 2213 606 2334 referenda
637 2295 706 2337 ecce
728 2272 809 2361 (non
832 2273 878 2350 εἷς
899 2295 958 2356 sup
983 2271 1147 2358 lendum):

150 2371 187 2419 tn
207 2379 289 2440 quae
308 2379 342 2416 ee
363 2357 536 2418 candidior
556 2371 615 2420 etc.
636 2373 706 2420 tum
728 2374 804 2442 post
823 2355 911 2442 ω’μᾶς
932 2294 1023 2418 iniret
1037 2363 1146 2437 colon,
1225 2377 1229 2385 ’

151 2457 276 2527 etpost
291 2465 325 2504 v.
340 2457 391 2508 υ.
414 2439 578 2526 atqueud.
600 2459 772 2520 commata,
804 2459 882 2529 post
897 2436 1070 2529 ἆθρῆσασα
1092 2465 1147 2504 au·
1247 2466 1250 2472 ·

148 2541 212 2590 tem
227 2527 500 2610 interrogationis
513 2543 624 2590 uotam
638 2529 736 2612 poni,
762 2542 798 2590 vt
811 2517 939 2617 odardo,
961 2528 1048 2616 pm,
1070 2527 1149 2612 φεύ·

170 2609 241 2693 ems
250 2609 415 2698 pendeant
431 2633 449 2674 a
464 2634 612 2697 pronom.
627 2615 663 2680 τί
672 2635 721 2674 vc.
739 2634 787 2698 19.
804 2629 838 2678 et
850 2613 1064 2698 interrogatio
1079 2613 1148 2694 illa,

150 2641 270 2762 doloris
288 2693 414 2772 censui,
443 2696 673 2782 repudiatione
692 2699 846 2778 excitati,
877 2697 1014 2760 maximo
1031 2719 1149 2760 conve·

148 2784 260 2860 nient,
286 2782 507 2846 continuetur.
550 2782 642 2846 Mihi
666 2797 772 2845 tamen
795 2782 851 2846 hio
870 2789 964 2845 locut
978 2783 1149 2866 cicpotiue

147 2867 279 2930 ridetur
301 2887 370 2929 ecce
390 2867 629 2952 expediendus,
660 2882 696 2934 vt
717 2867 813 2931 verba
833 2869 992 2954 leucott'oe
1007 2904 1051 2918 -
1063 2866 1150 2952 ὥμᾶς

147 2951 189 3014 ad
207 2957 336 3038 puellae
356 2954 640 3036 compellationem
664 2953 863 3031 referentum
894 2953 1021 3038 reliqua
1041 2967 1148 3018 autem

149 3039 271 3114 oratio,
296 3059 394 3125 quum
410 3035 581 3100 dicendum
595 3052 696 3116 esset,
720 3061 737 3098 o
755 3053 808 3115 tu,
832 3062 912 3122 quae
929 3041 1147 3104 uenis-abir

146 3155 189 3174 ι-
199 3121 319 3206 fugio.-
350 3127 461 3185 amavi
476 3145 532 3206 ego
547 3137 577 3183 tc
589 3158 630 3174 ·-
644 3145 702 3208 per
723 3125 942 3188 anacoluthon
961 3123 1147 3202 aiomutata

147 3229 213 3272 estc
229 3222 417 3284 censeatur,
447 3223 505 3285 ut,
537 3208 785 3294 compellatione
799 3232 931 3295 prorsus
948 3207 1145 3290 oblitterata,

149 3294 255 3355 omnia
275 3314 335 3438 per
347 3293 525 3378 simplicem
548 3293 766 3356 narrationem
790 3297 857 3358 aiut
878 3295 1058 3393 proposita.
1087 3299 1145 3358 At-

148 3397 211 3462 que
224 3400 267 3439 ex
306 3398 343 3440 ac
356 3379 485 3442 ratione
500 3379 639 3441 membra
651 3377 750 3440 huius
761 3381 829 3442 loci
846 3378 1003 3458 distinxi,
1028 3379 1063 3442 in
1080 3402 1146 3464 quo

147 3483 207 3524 uec
218 3461 284 3526 hoc
296 3462 527 3550 negligendum
541 3479 605 3544 est,
629 3464 717 3550 quod
729 3461 890 3532 adiectiva
904 3467 1068 3550 λιυκοτέρα
1085 3483 1146 3529 etc.

147 3552 267 3609 nullam
296 3548 485 3632 particulam
514 3549 672 3613 adiectam
710 3547 849 3631 habent,
885 3549 1010 3612 habent
1038 3567 1146 3613 autom

8 3663 9 3680 κ
99 3687 104 3694 .
150 3633 245 3696 verba
265 3633 374 3716 φοηῆς
392 3646 452 3696 etc.
481 3656 562 3719 quae
580 3648 768 3720 sequuntur.
796 3631 943 3724 ,βικρόν
972 3649 1022 3698 ert
1041 3642 1147 3721 splen·

151 3715 271 3796 „dene,
308 3702 434 3797 nitent,
477 3716 639 3805 λαμπρόν,
675 3733 712 3782 vt
736 3720 991 3806 interpretantur
1023 3737 1147 3784 veteres

151 3803 382 3886 „grammatici
412 3809 458 3853 -ἒ
485 3803 702 3868 Callimachut
725 3805 822 3891 (frag.
846 3805 1028 3892 CCLVH.)
1050 3803 1150 3890 φιαρῆ

149 3888 263 3972 »τῆμος
277 3887 405 3976 α’νὲσχον
420 3895 487 3970 ἕως.
504 3912 542 3952 ea
558 3912 639 3954 voce
658 3890 860 3954 commendat
875 3891 1016 3975 Cyclope
1032 3891 1067 3952 in
1085 3895 1147 3954 Ga·

113 3995 116 4000 ·
151 3974 255 4046 „laten
273 3994 332 4035 oua
359 3975 445 4040 cutia
465 3977 549 4038 beno
572 3988 700 4038 curatae
724 3977 858 4040 nitelam
881 3991 915 4039 et
930 3977 1075 4075 gratiam.
1098 3979 1148 4038 in·

153 4071 331 4143 „terpretec
345 4063 451 4126 movit
464 4061 535 4123 riae
546 4083 639 4124 cauca
654 4060 834 4124 similitudo
844 4083 924 4128 rvae
938 4076 1146 4122 immaturae:

153 4163 248 4218 „uam
263 4147 380 4210 Graeci
399 4162 516 4232 poetae
536 4147 583 4209 ita
597 4151 704 4210 colent
722 4148 900 4232 exprimere
914 4145 967 4230 id,
1000 4145 1089 4246 quod
1110 4146 1145 4205 in
1165 4153 1168 4156 '

152 4231 318 4303 ammio
336 4233 542 4324 turgentibus
571 4247 604 4298 et
630 4231 867 4372 conopiantibuc
890 4231 970 4308 adeo
990 4241 1150 4294 mirantur
1223 4287 1226 4302 ,

716 4375 722 4384 .
758 4338 775 4382 2
