<?xml version="1.0" encoding="UTF-8"?>
<!DOCTYPE html PUBLIC "-//W3C//DTD XHTML 1.0 Transitional//EN"
    "http://www.w3.org/TR/xhtml1/DTD/xhtml1-transitional.dtd">
<html xmlns="http://www.w3.org/1999/xhtml" xml:lang="en" lang="en">
 <head>
  <title>
</title>
<meta http-equiv="Content-Type" content="text/html;charset=utf-8" />
  <meta name='ocr-system' content='tesseract 3.04.00' />
  <meta name='ocr-capabilities' content='ocr_page ocr_carea ocr_par ocr_line ocrx_word'/>
</head>
<body>
  <div class='ocr_page' id='page_1' title='image "./theocritireliqv00kiesgoog_0514.png"; bbox 0 0 2956 5020; ppageno 0'>
   <div class='ocr_carea' id='block_1_1' title="bbox 286 479 1223 584">
    <p class='ocr_par' dir='ltr' id='par_1_1' title="bbox 286 479 1223 584">
     <span class='ocr_line' id='line_1_1' title="bbox 286 479 1223 584; baseline 0.011 -40"><span class='ocrx_word' id='word_1_1' title='bbox 286 479 887 548; x_wconf 75' lang='lat' dir='ltr'><strong>THEocu1tt.1ntL1..10N</strong></span> <span class='ocrx_word' id='word_1_2' title='bbox 917 483 1070 550; x_wconf 78' lang='lat' dir='ltr'><strong>xvttl.</strong></span> <span class='ocrx_word' id='word_1_3' title='bbox 1146 485 1223 584; x_wconf 66' lang='lat'><strong>,505</strong></span> 
     </span>
    </p>
   </div>
   <div class='ocr_carea' id='block_1_2' title="bbox 107 651 1223 1258">
    <p class='ocr_par' dir='ltr' id='par_1_2' title="bbox 157 651 1096 740">
     <span class='ocr_line' id='line_1_2' title="bbox 157 651 1096 740; baseline -0.004 -16"><span class='ocrx_word' id='word_1_4' title='bbox 157 653 249 724; x_wconf 75' lang='lat' dir='ltr'><strong>Ante</strong></span> <span class='ocrx_word' id='word_1_5' title='bbox 265 675 384 720; x_wconf 81' lang='lat' dir='ltr'>recem</span> <span class='ocrx_word' id='word_1_6' title='bbox 399 653 528 740; x_wconf 85' lang='lat' dir='ltr'><strong>pictum</strong></span> <span class='ocrx_word' id='word_1_7' title='bbox 552 651 740 720; x_wconf 79' lang='lat' dir='ltr'><strong>thalamum</strong></span> <span class='ocrx_word' id='word_1_8' title='bbox 755 651 899 719; x_wconf 79' lang='lat' dir='ltr'><strong>ohornm</strong></span> <span class='ocrx_word' id='word_1_9' title='bbox 913 653 1096 739; x_wconf 83' lang='lat' dir='ltr'><strong>duxerunt,</strong></span> 
     </span>
    </p>

    <p class='ocr_par' dir='ltr' id='par_1_3' title="bbox 107 754 1223 1258">
     <span class='ocr_line' id='line_1_3' title="bbox 107 754 1223 848; baseline 0.002 -24"><span class='ocrx_word' id='word_1_10' title='bbox 107 803 109 808; x_wconf 82' lang='lat'><strong>.</strong></span> <span class='ocrx_word' id='word_1_11' title='bbox 157 757 349 828; x_wconf 78' lang='lat' dir='ltr'><strong>Duodecim</strong></span> <span class='ocrx_word' id='word_1_12' title='bbox 363 755 544 846; x_wconf 80' lang='lat' dir='ltr'><strong>primariae</strong></span> <span class='ocrx_word' id='word_1_13' title='bbox 558 754 664 835; x_wconf 83' lang='lat' dir='ltr'><strong>vrbis,</strong></span> <span class='ocrx_word' id='word_1_14' title='bbox 686 775 848 844; x_wconf 83' lang='lat' dir='ltr'><strong>magnum</strong></span> <span class='ocrx_word' id='word_1_15' title='bbox 868 756 968 822; x_wconf 86' lang='lat' dir='ltr'><strong>decus</strong></span> <span class='ocrx_word' id='word_1_16' title='bbox 980 755 1223 848; x_wconf 73' lang='lat' dir='ltr'><strong>Lacaenarunr,</strong></span> 
     </span>
     <span class='ocr_line' id='line_1_4' title="bbox 159 856 1079 946; baseline 0 -22"><span class='ocrx_word' id='word_1_17' title='bbox 159 857 280 946; x_wconf 87' lang='lat' dir='ltr'><strong>Quum</strong></span> <span class='ocrx_word' id='word_1_18' title='bbox 297 857 468 946; x_wconf 81' lang='lat' dir='ltr'>Tyndarei</span> <span class='ocrx_word' id='word_1_19' title='bbox 480 857 585 924; x_wconf 85' lang='lat' dir='ltr'><strong>filiam</strong></span> <span class='ocrx_word' id='word_1_20' title='bbox 600 856 778 924; x_wconf 82' lang='lat' dir='ltr'><strong>amabilem</strong></span> <span class='ocrx_word' id='word_1_21' title='bbox 792 857 981 924; x_wconf 72' lang='lat' dir='ltr'>inclusisset</span> <span class='ocrx_word' id='word_1_22' title='bbox 1078 862 1079 866; x_wconf 73' lang='grc'>’</span> 
     </span>
     <span class='ocr_line' id='line_1_5' title="bbox 158 958 1222 1048; baseline -0.001 -20"><span class='ocrx_word' id='word_1_23' title='bbox 158 958 326 1048; x_wconf 82' lang='lat' dir='ltr'><strong>Sponsam</strong></span> <span class='ocrx_word' id='word_1_24' title='bbox 341 962 502 1028; x_wconf 82' lang='lat' dir='ltr'><strong>Helenam</strong></span> <span class='ocrx_word' id='word_1_25' title='bbox 524 961 637 1030; x_wconf 86' lang='lat' dir='ltr'><strong>minor</strong></span> <span class='ocrx_word' id='word_1_26' title='bbox 658 959 755 1027; x_wconf 85' lang='lat' dir='ltr'><strong>Atrei</strong></span> <span class='ocrx_word' id='word_1_27' title='bbox 768 958 866 1026; x_wconf 84' lang='lat' dir='ltr'><strong>iilius.</strong></span> <span class='ocrx_word' id='word_1_28' title='bbox 1210 983 1222 1036; x_wconf 68' lang='grc' dir='ltr'><strong>«ᾖ</strong></span> 
     </span>
     <span class='ocr_line' id='line_1_6' title="bbox 160 1062 1095 1154; baseline 0.003 -24"><span class='ocrx_word' id='word_1_29' title='bbox 160 1062 395 1130; x_wconf 73' lang='lat' dir='ltr'><strong>concinebant</strong></span> <span class='ocrx_word' id='word_1_30' title='bbox 408 1062 511 1148; x_wconf 84' lang='lat' dir='ltr'><strong>igitur</strong></span> <span class='ocrx_word' id='word_1_31' title='bbox 523 1085 641 1130; x_wconf 88' lang='lat' dir='ltr'><strong>omncs</strong></span> <span class='ocrx_word' id='word_1_32' title='bbox 657 1086 727 1130; x_wconf 83' lang='lat' dir='ltr'><strong>vno</strong></span> <span class='ocrx_word' id='word_1_33' title='bbox 749 1071 886 1128; x_wconf 72' lang='lat' dir='ltr'><strong>melnen</strong></span> <span class='ocrx_word' id='word_1_34' title='bbox 898 1062 1095 1154; x_wconf 75' lang='lat' dir='ltr'><strong>plaudentes</strong></span> 
     </span>
     <span class='ocr_line' id='line_1_7' title="bbox 157 1163 1222 1258; baseline 0.007 -25"><span class='ocrx_word' id='word_1_35' title='bbox 157 1163 305 1233; x_wconf 81' lang='lat' dir='ltr'><strong>Pedibus</strong></span> <span class='ocrx_word' id='word_1_36' title='bbox 318 1166 500 1258; x_wconf 80' lang='lat' dir='ltr'><strong>implicitis,</strong></span> <span class='ocrx_word' id='word_1_37' title='bbox 512 1166 707 1255; x_wconf 82' lang='lat' dir='ltr'><strong>circumque</strong></span> <span class='ocrx_word' id='word_1_38' title='bbox 722 1163 875 1234; x_wconf 84' lang='lat' dir='ltr'><strong>resonuit</strong></span> <span class='ocrx_word' id='word_1_39' title='bbox 889 1165 1007 1232; x_wconf 85' lang='lat' dir='ltr'><strong>domus</strong></span> <span class='ocrx_word' id='word_1_40' title='bbox 1021 1167 1222 1257; x_wconf 85' lang='lat' dir='ltr'><strong>hymenaeo.</strong></span> 
     </span>
    </p>
   </div>
   <div class='ocr_carea' id='block_1_3' title="bbox 147 1328 463 1388">
    <p class='ocr_par' dir='ltr' id='par_1_4' title="bbox 147 1328 463 1388">
     <span class='ocr_line' id='line_1_8' title="bbox 160 1328 463 1358; baseline 0.007 -2"><span class='ocrx_word' id='word_1_41' title='bbox 160 1333 369 1358; x_wconf 63' lang='grc' dir='ltr'>Πι-ιι-ιι-</span> <span class='ocrx_word' id='word_1_42' title='bbox 457 1328 463 1344; x_wconf 78' lang='grc'><em>“</em></span> 
     </span>
     <span class='ocr_line' id='line_1_9' title="bbox 147 1367 156 1388; baseline 0 0"><span class='ocrx_word' id='word_1_43' title='bbox 147 1367 156 1388; x_wconf 79' lang='grc' dir='ltr'><strong><em>ε</em></strong></span> 
     </span>
    </p>
   </div>
   <div class='ocr_carea' id='block_1_4' title="bbox 178 1427 1223 2368">
    <p class='ocr_par' dir='ltr' id='par_1_5' title="bbox 178 1427 1223 2368">
     <span class='ocr_line' id='line_1_10' title="bbox 178 1427 1221 1514; baseline 0.005 -24"><span class='ocrx_word' id='word_1_44' title='bbox 178 1439 181 1450; x_wconf 91' lang='grc'><strong>“</strong></span> <span class='ocrx_word' id='word_1_45' title='bbox 226 1433 300 1505; x_wconf 80' lang='grc' dir='ltr'><strong><em>ξατο</em></strong></span> <span class='ocrx_word' id='word_1_46' title='bbox 314 1429 412 1492; x_wconf 79' lang='lat' dir='ltr'><strong>aliut:</strong></span> <span class='ocrx_word' id='word_1_47' title='bbox 442 1427 617 1508; x_wconf 71' lang='lat' dir='ltr'><strong>xmtlt&#39;Eoero</strong></span> <span class='ocrx_word' id='word_1_48' title='bbox 633 1444 751 1514; x_wconf 85' lang='lat' dir='ltr'><strong>septem</strong></span> <span class='ocrx_word' id='word_1_49' title='bbox 777 1427 848 1491; x_wconf 91' lang='lat' dir='ltr'><strong>cdd.</strong></span> <span class='ocrx_word' id='word_1_50' title='bbox 865 1451 938 1490; x_wconf 84' lang='lat' dir='ltr'><strong>cum</strong></span> <span class='ocrx_word' id='word_1_51' title='bbox 955 1427 1026 1494; x_wconf 88' lang='lat' dir='ltr'><strong>edd.</strong></span> <span class='ocrx_word' id='word_1_52' title='bbox 1042 1428 1116 1493; x_wconf 86' lang='lat' dir='ltr'><strong>Ald.</strong></span> <span class='ocrx_word' id='word_1_53' title='bbox 1131 1430 1221 1496; x_wconf 88' lang='lat' dir='ltr'><strong>Med.</strong></span> 
     </span>
     <span class='ocr_line' id='line_1_11' title="bbox 225 1512 1222 1602; baseline 0.003 -27"><span class='ocrx_word' id='word_1_54' title='bbox 225 1512 382 1576; x_wconf 85' lang='lat' dir='ltr'><strong>Scholion</strong></span> <span class='ocrx_word' id='word_1_55' title='bbox 395 1515 501 1578; x_wconf 85' lang='lat' dir='ltr'><strong>Vstio.</strong></span> <span class='ocrx_word' id='word_1_56' title='bbox 518 1516 566 1581; x_wconf 86' lang='lat' dir='ltr'><strong>od.</strong></span> <span class='ocrx_word' id='word_1_57' title='bbox 587 1518 785 1600; x_wconf 75' lang='grc' dir='ltr'><strong>συνεκοιμᾶτο</strong></span> <span class='ocrx_word' id='word_1_58' title='bbox 805 1519 905 1602; x_wconf 71' lang='grc' dir='ltr'><strong><em>ἐκείνη</em></strong></span> <span class='ocrx_word' id='word_1_59' title='bbox 920 1516 1110 1578; x_wconf 81' lang='lat' dir='ltr'><strong>conveniret</strong></span> <span class='ocrx_word' id='word_1_60' title='bbox 1124 1517 1222 1578; x_wconf 87' lang='lat' dir='ltr'><strong>verbo</strong></span> 
     </span>
     <span class='ocr_line' id='line_1_12' title="bbox 225 1593 1223 1688; baseline -0.004 -22"><span class='ocrx_word' id='word_1_61' title='bbox 225 1603 419 1683; x_wconf 65' lang='grc' dir='ltr'><strong>παρελεῐατο.</strong></span> <span class='ocrx_word' id='word_1_62' title='bbox 442 1593 650 1688; x_wconf 73' lang='grc' dir='ltr'><strong><em>κατεκλᾶχττο,</em></strong></span> <span class='ocrx_word' id='word_1_63' title='bbox 671 1599 740 1667; x_wconf 72' lang='lat' dir='ltr'><strong>cirri</strong></span> <span class='ocrx_word' id='word_1_64' title='bbox 755 1601 809 1668; x_wconf 81' lang='grc' dir='ltr'><strong>τοῦ</strong></span> <span class='ocrx_word' id='word_1_65' title='bbox 824 1597 997 1686; x_wconf 74' lang='grc' dir='ltr'><strong><em>ἐκληρώθη,</em></strong></span> <span class='ocrx_word' id='word_1_66' title='bbox 1019 1601 1148 1663; x_wconf 88' lang='lat' dir='ltr'><strong>invenit</strong></span> <span class='ocrx_word' id='word_1_67' title='bbox 1163 1601 1223 1662; x_wconf 86' lang='lat' dir='ltr'><strong>Ca·</strong></span> 
     </span>
     <span class='ocr_line' id='line_1_13' title="bbox 225 1683 1222 1762; baseline 0.002 -18"><span class='ocrx_word' id='word_1_68' title='bbox 225 1683 360 1745; x_wconf 71' lang='lat' dir='ltr'><strong>neubon.</strong></span> <span class='ocrx_word' id='word_1_69' title='bbox 377 1685 411 1745; x_wconf 88' lang='lat' dir='ltr'><strong>in</strong></span> <span class='ocrx_word' id='word_1_70' title='bbox 429 1685 509 1748; x_wconf 88' lang='lat' dir='ltr'><strong>Cod.</strong></span> <span class='ocrx_word' id='word_1_71' title='bbox 525 1687 647 1750; x_wconf 81' lang='lat' dir='ltr'><strong>Gener.</strong></span> <span class='ocrx_word' id='word_1_72' title='bbox 664 1684 759 1762; x_wconf 88' lang='lat' dir='ltr'><strong>hinc,</strong></span> <span class='ocrx_word' id='word_1_73' title='bbox 781 1683 891 1746; x_wconf 88' lang='lat' dir='ltr'><strong>iudice</strong></span> <span class='ocrx_word' id='word_1_74' title='bbox 906 1683 1140 1762; x_wconf 82' lang='lat' dir='ltr'><strong>Valckenario,</strong></span> <span class='ocrx_word' id='word_1_75' title='bbox 1163 1685 1222 1746; x_wconf 87' lang='lat' dir='ltr'><strong>flu·</strong></span> 
     </span>
     <span class='ocr_line' id='line_1_14' title="bbox 225 1765 1221 1857; baseline 0.002 -28"><span class='ocrx_word' id='word_1_76' title='bbox 225 1769 276 1830; x_wconf 82' lang='lat' dir='ltr'><strong>xit</strong></span> <span class='ocrx_word' id='word_1_77' title='bbox 291 1769 448 1838; x_wconf 77' lang='lat' dir='ltr'><strong>vitiosum</strong></span> <span class='ocrx_word' id='word_1_78' title='bbox 462 1769 543 1832; x_wconf 88' lang='lat' dir='ltr'><strong>illud</strong></span> <span class='ocrx_word' id='word_1_79' title='bbox 569 1772 604 1832; x_wconf 90' lang='lat' dir='ltr'><strong>in</strong></span> <span class='ocrx_word' id='word_1_80' title='bbox 618 1770 723 1836; x_wconf 86' lang='lat' dir='ltr'><strong>Votio.</strong></span> <span class='ocrx_word' id='word_1_81' title='bbox 738 1769 788 1833; x_wconf 90' lang='lat' dir='ltr'><strong>cd.</strong></span> <span class='ocrx_word' id='word_1_82' title='bbox 803 1783 836 1831; x_wconf 92' lang='lat' dir='ltr'><strong>et</strong></span> <span class='ocrx_word' id='word_1_83' title='bbox 849 1773 994 1834; x_wconf 88' lang='lat' dir='ltr'><strong>Florent.</strong></span> <span class='ocrx_word' id='word_1_84' title='bbox 1009 1765 1221 1857; x_wconf 71' lang='lat' dir='ltr'><strong>sarrstdyrzo.</strong></span> 
     </span>
     <span class='ocr_line' id='line_1_15' title="bbox 224 1853 1223 1940; baseline 0.002 -26"><span class='ocrx_word' id='word_1_85' title='bbox 224 1853 265 1914; x_wconf 89' lang='lat' dir='ltr'><strong>In</strong></span> <span class='ocrx_word' id='word_1_86' title='bbox 278 1855 447 1916; x_wconf 80' lang='lat' dir='ltr'><strong>nonnullis</strong></span> <span class='ocrx_word' id='word_1_87' title='bbox 465 1855 555 1934; x_wconf 65' lang='lat' dir='ltr'><strong>cdd„</strong></span> <span class='ocrx_word' id='word_1_88' title='bbox 580 1871 662 1919; x_wconf 86' lang='lat' dir='ltr'><strong>teste</strong></span> <span class='ocrx_word' id='word_1_89' title='bbox 674 1854 842 1918; x_wconf 83' lang='lat' dir='ltr'><strong>Dorvillio</strong></span> <span class='ocrx_word' id='word_1_90' title='bbox 856 1853 896 1915; x_wconf 90' lang='lat' dir='ltr'><strong>ad</strong></span> <span class='ocrx_word' id='word_1_91' title='bbox 913 1853 1082 1917; x_wconf 85' lang='lat' dir='ltr'><strong>Chariton.</strong></span> <span class='ocrx_word' id='word_1_92' title='bbox 1099 1877 1132 1940; x_wconf 86' lang='lat' dir='ltr'><strong>p.</strong></span> <span class='ocrx_word' id='word_1_93' title='bbox 1154 1859 1223 1921; x_wconf 77' lang='lat'><strong>125.</strong></span> 
     </span>
     <span class='ocr_line' id='line_1_16' title="bbox 224 1937 1220 2025; baseline 0.007 -30"><span class='ocrx_word' id='word_1_94' title='bbox 224 1963 268 1995; x_wconf 86' lang='lat'><strong>=</strong></span> <span class='ocrx_word' id='word_1_95' title='bbox 284 1937 373 2016; x_wconf 65' lang='lat'><strong>274„</strong></span> <span class='ocrx_word' id='word_1_96' title='bbox 397 1940 518 2024; x_wconf 84' lang='lat' dir='ltr'><strong>legitur</strong></span> <span class='ocrx_word' id='word_1_97' title='bbox 532 1945 729 2009; x_wconf 68' lang='grc' dir='ltr'><strong><em>κατεκλίνατο</em></strong></span> <span class='ocrx_word' id='word_1_98' title='bbox 752 1943 841 2025; x_wconf 87' lang='lat' dir='ltr'><strong>(quo</strong></span> <span class='ocrx_word' id='word_1_99' title='bbox 865 1938 1008 2022; x_wconf 85' lang='lat' dir='ltr'><strong>pertinet</strong></span> <span class='ocrx_word' id='word_1_100' title='bbox 1029 1939 1179 2001; x_wconf 76' lang='lat' dir='ltr'><strong>scholion</strong></span> <span class='ocrx_word' id='word_1_101' title='bbox 1203 1963 1220 2002; x_wconf 93' lang='lat' dir='ltr'><strong>a</strong></span> 
     </span>
     <span class='ocr_line' id='line_1_17' title="bbox 222 2020 1221 2104; baseline 0.006 -20"><span class='ocrx_word' id='word_1_102' title='bbox 222 2021 369 2085; x_wconf 86' lang='lat' dir='ltr'><strong>Salrinio</strong></span> <span class='ocrx_word' id='word_1_103' title='bbox 400 2039 566 2088; x_wconf 90' lang='lat' dir='ltr'><strong>enotatum</strong></span> <span class='ocrx_word' id='word_1_104' title='bbox 588 2049 605 2088; x_wconf 91' lang='lat' dir='ltr'><strong>e</strong></span> <span class='ocrx_word' id='word_1_105' title='bbox 626 2025 674 2088; x_wconf 91' lang='lat' dir='ltr'><strong>cd.</strong></span> <span class='ocrx_word' id='word_1_106' title='bbox 695 2028 791 2088; x_wconf 72' lang='lat' dir='ltr'><strong>Flor.v</strong></span> <span class='ocrx_word' id='word_1_107' title='bbox 804 2025 857 2089; x_wconf 70' lang='grc' dir='ltr'><strong>ἐπὶ</strong></span> <span class='ocrx_word' id='word_1_108' title='bbox 877 2020 933 2104; x_wconf 73' lang='grc' dir='ltr'><strong>τήν</strong></span> <span class='ocrx_word' id='word_1_109' title='bbox 954 2027 1060 2104; x_wconf 79' lang='grc' dir='ltr'><strong><em>κλίνην</em></strong></span> <span class='ocrx_word' id='word_1_110' title='bbox 1082 2029 1166 2090; x_wconf 77' lang='lat' dir='ltr'><strong>idloo</strong></span> <span class='ocrx_word' id='word_1_111' title='bbox 1188 2029 1221 2092; x_wconf 73' lang='grc' dir='ltr'><strong>ἓν</strong></span> 
     </span>
     <span class='ocr_line' id='line_1_18' title="bbox 225 2107 1223 2196; baseline 0 -21"><span class='ocrx_word' id='word_1_112' title='bbox 225 2111 348 2190; x_wconf 60' lang='lat' dir='ltr'><strong>{lovois</strong></span> <span class='ocrx_word' id='word_1_113' title='bbox 367 2109 513 2191; x_wconf 72' lang='grc' dir='ltr'><strong>ἔλαβεκ)ε</strong></span> <span class='ocrx_word' id='word_1_114' title='bbox 543 2112 578 2172; x_wconf 92' lang='lat' dir='ltr'><strong>in</strong></span> <span class='ocrx_word' id='word_1_115' title='bbox 594 2110 665 2172; x_wconf 86' lang='lat' dir='ltr'><strong>aliis</strong></span> <span class='ocrx_word' id='word_1_116' title='bbox 678 2115 884 2182; x_wconf 69' lang='grc' dir='ltr'><strong>κατεκλίνετο,</strong></span> <span class='ocrx_word' id='word_1_117' title='bbox 908 2107 1106 2196; x_wconf 61' lang='lat' dir='ltr'><strong>uesticipem,</strong></span> <span class='ocrx_word' id='word_1_118' title='bbox 1130 2133 1223 2177; x_wconf 80' lang='grc' dir='ltr'><strong><em>κατε·-</em></strong></span> 
     </span>
     <span class='ocr_line' id='line_1_19' title="bbox 226 2187 1222 2280; baseline -0.006 -21"><span class='ocrx_word' id='word_1_119' title='bbox 226 2187 364 2280; x_wconf 74' lang='lat' dir='ltr'><strong>yia&#39;ysto.</strong></span> <span class='ocrx_word' id='word_1_120' title='bbox 390 2255 394 2264; x_wconf 71' lang='lat'><strong>.</strong></span> <span class='ocrx_word' id='word_1_121' title='bbox 408 2195 595 2278; x_wconf 85' lang='lat' dir='ltr'><strong>Hesychius</strong></span> <span class='ocrx_word' id='word_1_122' title='bbox 609 2219 649 2258; x_wconf 82' lang='lat' dir='ltr'><strong>ex</strong></span> <span class='ocrx_word' id='word_1_123' title='bbox 661 2193 819 2258; x_wconf 89' lang='lat' dir='ltr'><strong>emendat.</strong></span> <span class='ocrx_word' id='word_1_124' title='bbox 835 2194 1053 2270; x_wconf 60' lang='lat' dir='ltr'><strong>Valckenarit</strong></span> <span class='ocrx_word' id='word_1_125' title='bbox 1077 2192 1222 2262; x_wconf 67' lang='grc' dir='ltr'><strong>κατεκλά-</strong></span> 
     </span>
     <span class='ocr_line' id='line_1_20' title="bbox 224 2280 1070 2368; baseline 0.001 -23"><span class='ocrx_word' id='word_1_126' title='bbox 224 2287 305 2360; x_wconf 81' lang='grc' dir='ltr'><strong><em>ξατο,</em></strong></span> <span class='ocrx_word' id='word_1_127' title='bbox 326 2283 509 2360; x_wconf 71' lang='grc' dir='ltr'><strong><em>κατέκλεισε,</em></strong></span> <span class='ocrx_word' id='word_1_128' title='bbox 531 2283 819 2368; x_wconf 66' lang='grc' dir='ltr'><strong><em>κατακεκλεισμένην</em></strong></span> <span class='ocrx_word' id='word_1_129' title='bbox 835 2281 910 2366; x_wconf 82' lang='grc' dir='ltr'><strong><em>εἶχε.</em></strong></span> <span class='ocrx_word' id='word_1_130' title='bbox 954 2280 1070 2340; x_wconf 71' lang='lat' dir='ltr'><strong>Kiettl·</strong></span> 
     </span>
    </p>
   </div>
   <div class='ocr_carea' id='block_1_5' title="bbox 182 2398 1223 2574">
    <p class='ocr_par' dir='ltr' id='par_1_6' title="bbox 182 2398 1223 2574">
     <span class='ocr_line' id='line_1_21' title="bbox 182 2398 1223 2492; baseline -0.006 -20"><span class='ocrx_word' id='word_1_131' title='bbox 182 2403 214 2472; x_wconf 83' lang='grc'><strong>6.</strong></span> <span class='ocrx_word' id='word_1_132' title='bbox 237 2404 443 2480; x_wconf 81' lang='grc' dir='ltr'><strong><em>Μκαστεύσας</em></strong></span> <span class='ocrx_word' id='word_1_133' title='bbox 462 2429 522 2489; x_wconf 88' lang='lat' dir='ltr'><strong>pro</strong></span> <span class='ocrx_word' id='word_1_134' title='bbox 545 2413 678 2492; x_wconf 84' lang='lat' dir='ltr'><strong>volgato</strong></span> <span class='ocrx_word' id='word_1_135' title='bbox 699 2398 895 2490; x_wconf 69' lang='grc' dir='ltr'><strong><em>μκατττῖσας,</em></strong></span> <span class='ocrx_word' id='word_1_136' title='bbox 926 2405 1013 2490; x_wconf 89' lang='lat' dir='ltr'><strong>quod</strong></span> <span class='ocrx_word' id='word_1_137' title='bbox 1037 2405 1132 2468; x_wconf 81' lang='lat' dir='ltr'><strong>estin</strong></span> <span class='ocrx_word' id='word_1_138' title='bbox 1151 2405 1223 2468; x_wconf 88' lang='lat' dir='ltr'><strong>edd.</strong></span> 
     </span>
     <span class='ocr_line' id='line_1_22' title="bbox 226 2489 1222 2574; baseline -0.001 -20"><span class='ocrx_word' id='word_1_139' title='bbox 226 2489 319 2554; x_wconf 89' lang='lat' dir='ltr'><strong>Med.</strong></span> <span class='ocrx_word' id='word_1_140' title='bbox 336 2489 430 2566; x_wconf 89' lang='lat' dir='ltr'><strong>Ald.‚</strong></span> <span class='ocrx_word' id='word_1_141' title='bbox 453 2491 610 2573; x_wconf 85' lang='lat' dir='ltr'><strong>praebent</strong></span> <span class='ocrx_word' id='word_1_142' title='bbox 630 2507 750 2574; x_wconf 88' lang='lat' dir='ltr'><strong>septem</strong></span> <span class='ocrx_word' id='word_1_143' title='bbox 774 2490 845 2555; x_wconf 89' lang='lat' dir='ltr'><strong>cdd.</strong></span> <span class='ocrx_word' id='word_1_144' title='bbox 863 2513 933 2552; x_wconf 88' lang='lat' dir='ltr'><strong>cum</strong></span> <span class='ocrx_word' id='word_1_145' title='bbox 949 2489 1020 2556; x_wconf 86' lang='lat' dir='ltr'><strong>edd.</strong></span> <span class='ocrx_word' id='word_1_146' title='bbox 1037 2493 1123 2552; x_wconf 86' lang='lat' dir='ltr'><strong>lunt.</strong></span> <span class='ocrx_word' id='word_1_147' title='bbox 1138 2490 1222 2554; x_wconf 85' lang='lat' dir='ltr'><strong>Gall.</strong></span> 
     </span>
    </p>
   </div>
   <div class='ocr_carea' id='block_1_6' title="bbox 184 2574 1342 4308">
    <p class='ocr_par' dir='ltr' id='par_1_7' title="bbox 224 2574 1274 3252">
     <span class='ocr_line' id='line_1_23' title="bbox 226 2574 1224 2675; baseline -0.002 -39"><span class='ocrx_word' id='word_1_148' title='bbox 226 2577 336 2675; x_wconf 63' lang='lat' dir='ltr'><strong>sicque</strong></span> <span class='ocrx_word' id='word_1_149' title='bbox 351 2574 551 2657; x_wconf 86' lang='lat' dir='ltr'><strong>scripserunt</strong></span> <span class='ocrx_word' id='word_1_150' title='bbox 565 2575 676 2636; x_wconf 81' lang='lat' dir='ltr'><strong>valck.</strong></span> <span class='ocrx_word' id='word_1_151' title='bbox 692 2575 832 2637; x_wconf 81' lang='lat' dir='ltr'><strong>Brunclt.</strong></span> <span class='ocrx_word' id='word_1_152' title='bbox 851 2575 918 2638; x_wconf 80' lang='lat' dir='ltr'><strong>olii.</strong></span> <span class='ocrx_word' id='word_1_153' title='bbox 939 2578 1053 2637; x_wconf 82' lang='lat' dir='ltr'><strong>Kiessl.</strong></span> <span class='ocrx_word' id='word_1_154' title='bbox 1099 2585 1224 2654; x_wconf 78' lang='lat' dir='ltr'><strong>„qu-</strong></span> 
     </span>
     <span class='ocr_line' id='line_1_24' title="bbox 226 2657 1221 2744; baseline -0.006 -18"><span class='ocrx_word' id='word_1_155' title='bbox 226 2685 345 2726; x_wconf 80' lang='grc' dir='ltr'><strong><em>στευεικ</em></strong></span> <span class='ocrx_word' id='word_1_156' title='bbox 366 2657 551 2735; x_wconf 71' lang='lat' dir='ltr'><strong>diritatis,</strong></span> <span class='ocrx_word' id='word_1_157' title='bbox 590 2660 648 2742; x_wconf 89' lang='lat' dir='ltr'><strong>qui</strong></span> <span class='ocrx_word' id='word_1_158' title='bbox 671 2658 769 2720; x_wconf 86' lang='lat' dir='ltr'><strong>filiam</strong></span> <span class='ocrx_word' id='word_1_159' title='bbox 792 2658 856 2722; x_wconf 87' lang='lat' dir='ltr'><strong>cibi</strong></span> <span class='ocrx_word' id='word_1_160' title='bbox 875 2659 1011 2720; x_wconf 78' lang='lat' dir='ltr'><strong>alicuius</strong></span> <span class='ocrx_word' id='word_1_161' title='bbox 1032 2657 1221 2744; x_wconf 83' lang='lat' dir='ltr'><strong>despondet,</strong></span> 
     </span>
     <span class='ocr_line' id='line_1_25' title="bbox 228 2742 1224 2830; baseline 0 -24"><span class='ocrx_word' id='word_1_162' title='bbox 228 2744 362 2826; x_wconf 85' lang='lat' dir='ltr'><strong>eiusque</strong></span> <span class='ocrx_word' id='word_1_163' title='bbox 386 2743 585 2805; x_wconf 91' lang='lat' dir='ltr'><strong>connubium</strong></span> <span class='ocrx_word' id='word_1_164' title='bbox 628 2745 706 2819; x_wconf 85' lang='lat' dir='ltr'><strong>etit,</strong></span> <span class='ocrx_word' id='word_1_165' title='bbox 730 2743 815 2805; x_wconf 89' lang='lat' dir='ltr'><strong>vnde</strong></span> <span class='ocrx_word' id='word_1_166' title='bbox 830 2759 864 2805; x_wconf 92' lang='lat' dir='ltr'><strong>et</strong></span> <span class='ocrx_word' id='word_1_167' title='bbox 879 2742 1035 2830; x_wconf 70' lang='grc' dir='ltr'><strong><em>μνηστήρ,</em></strong></span> <span class='ocrx_word' id='word_1_168' title='bbox 1058 2760 1090 2804; x_wconf 92' lang='lat' dir='ltr'><strong>et</strong></span> <span class='ocrx_word' id='word_1_169' title='bbox 1106 2764 1224 2828; x_wconf 80' lang='lat' dir='ltr'><strong>sponsa</strong></span> 
     </span>
     <span class='ocr_line' id='line_1_26' title="bbox 225 2765 1222 2914; baseline 0.006 -27"><span class='ocrx_word' id='word_1_170' title='bbox 225 2825 346 2914; x_wconf 68' lang='grc' dir='ltr'><strong><em>μηστή</em></strong></span> <span class='ocrx_word' id='word_1_171' title='bbox 368 2841 527 2889; x_wconf 83' lang='lat' dir='ltr'><strong>vocantur</strong></span> <span class='ocrx_word' id='word_1_172' title='bbox 540 2765 626 2908; x_wconf 63' lang='lat' dir='ltr'><strong>(vid</strong></span> <span class='ocrx_word' id='word_1_173' title='bbox 636 2831 753 2890; x_wconf 83' lang='lat' dir='ltr'><strong>Pollux</strong></span> <span class='ocrx_word' id='word_1_174' title='bbox 763 2827 879 2889; x_wconf 87' lang='lat' dir='ltr'><strong>Onom.</strong></span> <span class='ocrx_word' id='word_1_175' title='bbox 894 2831 953 2891; x_wconf 93' lang='lat' dir='ltr'><strong>III.</strong></span> <span class='ocrx_word' id='word_1_176' title='bbox 973 2827 1002 2892; x_wconf 86' lang='lat'><strong>5.</strong></span> <span class='ocrx_word' id='word_1_177' title='bbox 1021 2825 1071 2892; x_wconf 82' lang='lat'><strong>54.</strong></span> <span class='ocrx_word' id='word_1_178' title='bbox 1083 2851 1115 2912; x_wconf 90' lang='lat' dir='ltr'><strong>p.</strong></span> <span class='ocrx_word' id='word_1_179' title='bbox 1127 2827 1222 2906; x_wconf 73' lang='lat'><strong>282.)-</strong></span> 
     </span>
     <span class='ocr_line' id='line_1_27' title="bbox 226 2910 1224 2998; baseline 0.004 -26"><span class='ocrx_word' id='word_1_180' title='bbox 226 2910 439 2991; x_wconf 71' lang='grc' dir='ltr'><strong><em>Μνηστεύσας</em></strong></span> <span class='ocrx_word' id='word_1_181' title='bbox 461 2913 561 2998; x_wconf 84' lang='lat' dir='ltr'><strong>igitur</strong></span> <span class='ocrx_word' id='word_1_182' title='bbox 582 2926 631 2974; x_wconf 86' lang='lat' dir='ltr'><strong>est</strong></span> <span class='ocrx_word' id='word_1_183' title='bbox 651 2913 721 2974; x_wconf 87' lang='lat' dir='ltr'><strong>h.1.</strong></span> <span class='ocrx_word' id='word_1_184' title='bbox 738 2915 928 2990; x_wconf 79' lang='lat' dir='ltr'><strong>Menelaus,</strong></span> <span class='ocrx_word' id='word_1_185' title='bbox 952 2935 1050 2998; x_wconf 83' lang='lat' dir='ltr'><strong>quum</strong></span> <span class='ocrx_word' id='word_1_186' title='bbox 1071 2914 1133 2976; x_wconf 88' lang='lat' dir='ltr'><strong>ism</strong></span> <span class='ocrx_word' id='word_1_187' title='bbox 1150 2941 1224 2998; x_wconf 85' lang='grc' dir='ltr'><strong><em>κυμ-</em></strong></span> 
     </span>
     <span class='ocr_line' id='line_1_28' title="bbox 224 2995 1274 3086; baseline 0.008 -26"><span class='ocrx_word' id='word_1_188' title='bbox 224 3004 296 3086; x_wconf 58' lang='lat' dir='ltr'><strong>plor</strong></span> <span class='ocrx_word' id='word_1_189' title='bbox 311 3013 411 3073; x_wconf 85' lang='lat' dir='ltr'><strong>esset,</strong></span> <span class='ocrx_word' id='word_1_190' title='bbox 436 2999 533 3082; x_wconf 77' lang='lat' dir='ltr'><strong>atque</strong></span> <span class='ocrx_word' id='word_1_191' title='bbox 545 2998 670 3060; x_wconf 83' lang='lat' dir='ltr'><strong>Helene</strong></span> <span class='ocrx_word' id='word_1_192' title='bbox 690 2995 809 3082; x_wconf 66' lang='grc' dir='ltr'><strong><em>νύμφη·</em></strong></span> <span class='ocrx_word' id='word_1_193' title='bbox 832 3020 906 3058; x_wconf 81' lang='lat' dir='ltr'><strong>nam</strong></span> <span class='ocrx_word' id='word_1_194' title='bbox 923 3003 975 3064; x_wconf 74' lang='grc' dir='ltr'><strong>ἐπὶ</strong></span> <span class='ocrx_word' id='word_1_195' title='bbox 991 3001 1051 3063; x_wconf 72' lang='lat' dir='ltr'><strong>tois</strong></span> <span class='ocrx_word' id='word_1_196' title='bbox 1063 3001 1184 3083; x_wconf 70' lang='grc' dir='ltr'><strong><em>γάμων,</em></strong></span> <span class='ocrx_word' id='word_1_197' title='bbox 1205 2997 1225 3066; x_wconf 81' lang='lat' dir='ltr'><strong>o‘</strong></span> <span class='ocrx_word' id='word_1_198' title='bbox 1270 3053 1274 3068; x_wconf 82' lang='lat'><strong>.</strong></span> 
     </span>
     <span class='ocr_line' id='line_1_29' title="bbox 226 3077 1225 3172; baseline -0.004 -22"><span class='ocrx_word' id='word_1_199' title='bbox 226 3090 284 3170; x_wconf 70' lang='grc' dir='ltr'><strong>μὲν</strong></span> <span class='ocrx_word' id='word_1_200' title='bbox 297 3089 349 3152; x_wconf 71' lang='grc' dir='ltr'><strong>ἐπὶ</strong></span> <span class='ocrx_word' id='word_1_201' title='bbox 361 3085 398 3160; x_wconf 75' lang='grc' dir='ltr'><strong>τῆ</strong></span> <span class='ocrx_word' id='word_1_202' title='bbox 412 3079 504 3172; x_wconf 76' lang='grc' dir='ltr'><strong><em>κόρῃ,</em></strong></span> <span class='ocrx_word' id='word_1_203' title='bbox 527 3087 674 3167; x_wconf 68' lang='grc' dir='ltr'><strong>νυμφίος·</strong></span> <span class='ocrx_word' id='word_1_204' title='bbox 695 3083 761 3162; x_wconf 73' lang='grc' dir='ltr'><strong>ἡδὲ</strong></span> <span class='ocrx_word' id='word_1_205' title='bbox 779 3077 881 3170; x_wconf 67' lang='lat' dir='ltr'><strong>indicos</strong></span> <span class='ocrx_word' id='word_1_206' title='bbox 894 3079 996 3170; x_wconf 74' lang='grc' dir='ltr'><strong><em>νύμφη</em></strong></span> <span class='ocrx_word' id='word_1_207' title='bbox 1011 3083 1225 3171; x_wconf 72' lang='grc' dir='ltr'><strong>(νὶά.ῬοΙΙτικ</strong></span> 
     </span>
     <span class='ocr_line' id='line_1_30' title="bbox 226 3153 991 3252; baseline 0 -23"><span class='ocrx_word' id='word_1_208' title='bbox 226 3168 307 3231; x_wconf 74' lang='lat' dir='ltr'><strong>nis.</strong></span> <span class='ocrx_word' id='word_1_209' title='bbox 324 3171 354 3252; x_wconf 76' lang='grc' dir='ltr'><strong>η.</strong></span> <span class='ocrx_word' id='word_1_210' title='bbox 368 3153 419 3234; x_wconf 72' lang='lat'><strong>35.</strong></span> <span class='ocrx_word' id='word_1_211' title='bbox 436 3189 468 3251; x_wconf 83' lang='lat' dir='ltr'><strong>p.</strong></span> <span class='ocrx_word' id='word_1_212' title='bbox 486 3165 608 3252; x_wconf 65' lang='lat' dir='ltr'><strong>osup*</strong></span> <span class='ocrx_word' id='word_1_213' title='bbox 655 3169 812 3230; x_wconf 69' lang='lat' dir='ltr'><strong>sosares.</strong></span> <span class='ocrx_word' id='word_1_214' title='bbox 986 3241 991 3252; x_wconf 24' lang='lat'><em>¹</em></span> 
     </span>
    </p>

    <p class='ocr_par' dir='ltr' id='par_1_8' title="bbox 184 3266 1224 3416">
     <span class='ocr_line' id='line_1_31' title="bbox 184 3266 1224 3416; baseline 0.004 -83"><span class='ocrx_word' id='word_1_215' title='bbox 184 3291 216 3358; x_wconf 86' lang='lat'><strong>7.</strong></span> <span class='ocrx_word' id='word_1_216' title='bbox 227 3269 341 3416; x_wconf 49' lang='lat' dir='ltr'><strong>gerb?</strong></span> <span class='ocrx_word' id='word_1_217' title='bbox 371 3271 428 3332; x_wconf 87' lang='lat' dir='ltr'><strong>sic·</strong></span> <span class='ocrx_word' id='word_1_218' title='bbox 441 3284 518 3332; x_wconf 85' lang='lat' dir='ltr'><strong>sunt</strong></span> <span class='ocrx_word' id='word_1_219' title='bbox 544 3269 727 3356; x_wconf 78' lang='lat' dir='ltr'><strong>iungenda:</strong></span> <span class='ocrx_word' id='word_1_220' title='bbox 760 3271 862 3338; x_wconf 76' lang='grc' dir='ltr'><strong><em>ἄειδον</em></strong></span> <span class='ocrx_word' id='word_1_221' title='bbox 881 3267 973 3354; x_wconf 70' lang='lat' dir='ltr'><strong>peine</strong></span> <span class='ocrx_word' id='word_1_222' title='bbox 994 3266 1094 3336; x_wconf 75' lang='grc' dir='ltr'><strong><em>ττᾶσατ</em></strong></span> <span class='ocrx_word' id='word_1_223' title='bbox 1115 3273 1160 3347; x_wconf 80' lang='grc' dir='ltr'><strong>εἰς</strong></span> <span class='ocrx_word' id='word_1_224' title='bbox 1182 3274 1224 3338; x_wconf 74' lang='grc' dir='ltr'><strong>ἔκ.</strong></span> 
     </span>
    </p>

    <p class='ocr_par' dir='ltr' id='par_1_9' title="bbox 259 3379 343 3420">
     <span class='ocr_line' id='line_1_32' title="bbox 259 3379 343 3420; baseline 0.048 -4"><span class='ocrx_word' id='word_1_225' title='bbox 259 3379 343 3420; x_wconf 77' lang='lat' dir='ltr'><strong>sess.</strong></span> 
     </span>
    </p>

    <p class='ocr_par' dir='ltr' id='par_1_10' title="bbox 184 3453 1342 3967">
     <span class='ocr_line' id='line_1_33' title="bbox 184 3453 1224 3541; baseline -0.007 -19"><span class='ocrx_word' id='word_1_226' title='bbox 184 3453 215 3522; x_wconf 89' lang='grc'><strong>8.</strong></span> <span class='ocrx_word' id='word_1_227' title='bbox 238 3462 443 3541; x_wconf 73' lang='grc' dir='ltr'><strong><em>περιπλὶκτοις</em></strong></span> <span class='ocrx_word' id='word_1_228' title='bbox 463 3477 504 3518; x_wconf 83' lang='lat' dir='ltr'><strong>ex</strong></span> <span class='ocrx_word' id='word_1_229' title='bbox 520 3455 589 3520; x_wconf 89' lang='lat' dir='ltr'><strong>cod.</strong></span> <span class='ocrx_word' id='word_1_230' title='bbox 605 3457 703 3520; x_wconf 84' lang='lat' dir='ltr'><strong>Paris.</strong></span> <span class='ocrx_word' id='word_1_231' title='bbox 720 3477 813 3540; x_wconf 89' lang='lat' dir='ltr'><strong>quem</strong></span> <span class='ocrx_word' id='word_1_232' title='bbox 838 3456 991 3520; x_wconf 90' lang='lat' dir='ltr'><strong>adhibuit</strong></span> <span class='ocrx_word' id='word_1_233' title='bbox 1014 3455 1224 3518; x_wconf 87' lang='lat' dir='ltr'><strong>Hemsterbu·</strong></span> 
     </span>
     <span class='ocr_line' id='line_1_34' title="bbox 228 3539 1224 3630; baseline -0.005 -26"><span class='ocrx_word' id='word_1_234' title='bbox 228 3542 304 3618; x_wconf 83' lang='lat' dir='ltr'><strong>sius,</strong></span> <span class='ocrx_word' id='word_1_235' title='bbox 325 3543 490 3625; x_wconf 78' lang='lat' dir='ltr'><strong>rescripsit</strong></span> <span class='ocrx_word' id='word_1_236' title='bbox 504 3541 659 3604; x_wconf 80' lang='lat' dir='ltr'><strong>Valcken.</strong></span> <span class='ocrx_word' id='word_1_237' title='bbox 682 3543 757 3630; x_wconf 89' lang='lat' dir='ltr'><strong>(qui</strong></span> <span class='ocrx_word' id='word_1_238' title='bbox 782 3542 845 3604; x_wconf 88' lang='lat' dir='ltr'><strong>iam</strong></span> <span class='ocrx_word' id='word_1_239' title='bbox 864 3542 1011 3604; x_wconf 79' lang='lat' dir='ltr'><strong>laudavit</strong></span> <span class='ocrx_word' id='word_1_240' title='bbox 1033 3539 1224 3624; x_wconf 85' lang='lat' dir='ltr'><strong>Koppiersii</strong></span> 
     </span>
     <span class='ocr_line' id='line_1_35' title="bbox 234 3621 1227 3710; baseline 0 -21"><span class='ocrx_word' id='word_1_241' title='bbox 234 3627 368 3689; x_wconf 86' lang='lat' dir='ltr'><strong>Observ.</strong></span> <span class='ocrx_word' id='word_1_242' title='bbox 380 3626 495 3710; x_wconf 87' lang='lat' dir='ltr'><strong>philol.</strong></span> <span class='ocrx_word' id='word_1_243' title='bbox 508 3649 541 3709; x_wconf 88' lang='lat' dir='ltr'><strong>p.</strong></span> <span class='ocrx_word' id='word_1_244' title='bbox 559 3621 624 3710; x_wconf 80' lang='lat'><strong>61.)</strong></span> <span class='ocrx_word' id='word_1_245' title='bbox 644 3642 677 3688; x_wconf 87' lang='lat' dir='ltr'><strong>et</strong></span> <span class='ocrx_word' id='word_1_246' title='bbox 692 3627 832 3690; x_wconf 84' lang='lat' dir='ltr'><strong>Brunclt.</strong></span> <span class='ocrx_word' id='word_1_247' title='bbox 874 3627 1015 3690; x_wconf 85' lang='lat' dir='ltr'><strong>Verbum</strong></span> <span class='ocrx_word' id='word_1_248' title='bbox 1035 3632 1227 3692; x_wconf 63' lang='lat' dir='ltr'><strong>allocutos</strong></span> 
     </span>
     <span class='ocr_line' id='line_1_36' title="bbox 227 3709 1342 3798; baseline -0.004 -24"><span class='ocrx_word' id='word_1_249' title='bbox 227 3711 388 3798; x_wconf 73' lang='lat' dir='ltr'><strong>significat</strong></span> <span class='ocrx_word' id='word_1_250' title='bbox 407 3733 503 3772; x_wconf 84' lang='lat' dir='ltr'><strong>crura</strong></span> <span class='ocrx_word' id='word_1_251' title='bbox 524 3711 706 3773; x_wconf 80' lang='lat' dir='ltr'><strong>divaricare</strong></span> <span class='ocrx_word' id='word_1_252' title='bbox 711 3727 844 3796; x_wconf 81' lang='lat' dir='ltr'><strong>,atquc</strong></span> <span class='ocrx_word' id='word_1_253' title='bbox 868 3719 918 3774; x_wconf 78' lang='lat' dir='ltr'><strong>ita</strong></span> <span class='ocrx_word' id='word_1_254' title='bbox 944 3713 1081 3793; x_wconf 72' lang='lat' dir='ltr'><strong>ingredi.</strong></span> <span class='ocrx_word' id='word_1_255' title='bbox 1110 3731 1141 3771; x_wconf 86' lang='lat' dir='ltr'><strong>v.</strong></span> <span class='ocrx_word' id='word_1_256' title='bbox 1157 3709 1226 3769; x_wconf 86' lang='lat' dir='ltr'><strong>Ho-</strong></span> <span class='ocrx_word' id='word_1_257' title='bbox 1338 3755 1342 3762; x_wconf 82' lang='lat'><strong>.</strong></span> 
     </span>
     <span class='ocr_line' id='line_1_37' title="bbox 229 3789 1310 3882; baseline -0.004 -24"><span class='ocrx_word' id='word_1_258' title='bbox 229 3820 305 3859; x_wconf 87' lang='lat' dir='ltr'><strong>mer.</strong></span> <span class='ocrx_word' id='word_1_259' title='bbox 323 3796 476 3877; x_wconf 66' lang='lat' dir='ltr'><strong>Odyssc.</strong></span> <span class='ocrx_word' id='word_1_260' title='bbox 493 3793 564 3862; x_wconf 78' lang='lat'><strong>518.</strong></span> <span class='ocrx_word' id='word_1_261' title='bbox 579 3789 692 3880; x_wconf 81' lang='lat' dir='ltr'><strong>Comp.</strong></span> <span class='ocrx_word' id='word_1_262' title='bbox 709 3798 818 3882; x_wconf 80' lang='lat' dir='ltr'><strong>Longi</strong></span> <span class='ocrx_word' id='word_1_263' title='bbox 834 3799 956 3863; x_wconf 83' lang='lat' dir='ltr'><strong>Pastor.</strong></span> <span class='ocrx_word' id='word_1_264' title='bbox 972 3797 1028 3860; x_wconf 90' lang='lat' dir='ltr'><strong>IV.</strong></span> <span class='ocrx_word' id='word_1_265' title='bbox 1044 3815 1093 3878; x_wconf 73' lang='lat'><strong>27.</strong></span> <span class='ocrx_word' id='word_1_266' title='bbox 1109 3815 1140 3876; x_wconf 85' lang='lat' dir='ltr'><strong>p.</strong></span> <span class='ocrx_word' id='word_1_267' title='bbox 1151 3791 1225 3856; x_wconf 79' lang='lat'><strong>514.</strong></span> <span class='ocrx_word' id='word_1_268' title='bbox 1306 3837 1310 3845; x_wconf 87' lang='lat'>-</span> 
     </span>
     <span class='ocr_line' id='line_1_38' title="bbox 229 3876 1227 3967; baseline -0.005 -25"><span class='ocrx_word' id='word_1_269' title='bbox 229 3881 342 3967; x_wconf 90' lang='lat' dir='ltr'><strong>ibique</strong></span> <span class='ocrx_word' id='word_1_270' title='bbox 365 3883 514 3942; x_wconf 79' lang='lat' dir='ltr'><strong>Molluns.</strong></span> <span class='ocrx_word' id='word_1_271' title='bbox 537 3883 636 3943; x_wconf 82' lang='lat' dir='ltr'><strong>Harl.</strong></span> <span class='ocrx_word' id='word_1_272' title='bbox 681 3883 734 3942; x_wconf 90' lang='lat' dir='ltr'><strong>De</strong></span> <span class='ocrx_word' id='word_1_273' title='bbox 760 3881 858 3944; x_wconf 86' lang='lat' dir='ltr'><strong>verbo</strong></span> <span class='ocrx_word' id='word_1_274' title='bbox 879 3885 1020 3948; x_wconf 71' lang='lat' dir='ltr'><strong>triloottv</strong></span> <span class='ocrx_word' id='word_1_275' title='bbox 1040 3879 1126 3942; x_wconf 84' lang='lat' dir='ltr'><strong>conf.</strong></span> <span class='ocrx_word' id='word_1_276' title='bbox 1149 3876 1227 3937; x_wconf 84' lang='lat' dir='ltr'><strong>Rie-</strong></span> 
     </span>
    </p>

    <p class='ocr_par' dir='ltr' id='par_1_11' title="bbox 192 3959 1260 4308">
     <span class='ocr_line' id='line_1_39' title="bbox 192 3959 1226 4051; baseline -0.004 -23"><span class='ocrx_word' id='word_1_277' title='bbox 192 4029 195 4036; x_wconf 85' lang='grc'>,</span> <span class='ocrx_word' id='word_1_278' title='bbox 232 3990 309 4030; x_wconf 89' lang='lat' dir='ltr'><strong>mer.</strong></span> <span class='ocrx_word' id='word_1_279' title='bbox 332 3967 367 4026; x_wconf 90' lang='lat' dir='ltr'><strong>in</strong></span> <span class='ocrx_word' id='word_1_280' title='bbox 391 3968 476 4028; x_wconf 82' lang='lat' dir='ltr'><strong>Lex.</strong></span> <span class='ocrx_word' id='word_1_281' title='bbox 498 3989 544 4051; x_wconf 84' lang='lat' dir='ltr'><strong>gr.</strong></span> <span class='ocrx_word' id='word_1_282' title='bbox 564 3988 588 4028; x_wconf 88' lang='lat' dir='ltr'><strong>s.</strong></span> <span class='ocrx_word' id='word_1_283' title='bbox 609 3988 640 4027; x_wconf 83' lang='lat' dir='ltr'><strong>v.</strong></span> <span class='ocrx_word' id='word_1_284' title='bbox 683 3959 1226 4048; x_wconf 77' lang='lat' dir='ltr'><strong>Add.Koen.adGrcgor.p.548·</strong></span> 
     </span>
     <span class='ocr_line' id='line_1_40' title="bbox 230 4045 1260 4137; baseline -0.01 -24"><span class='ocrx_word' id='word_1_285' title='bbox 230 4051 432 4132; x_wconf 82' lang='lat' dir='ltr'><strong>Hesychium</strong></span> <span class='ocrx_word' id='word_1_286' title='bbox 453 4051 488 4110; x_wconf 87' lang='lat' dir='ltr'><strong>in</strong></span> <span class='ocrx_word' id='word_1_287' title='bbox 511 4073 540 4111; x_wconf 87' lang='lat' dir='ltr'><strong>v.</strong></span> <span class='ocrx_word' id='word_1_288' title='bbox 558 4053 747 4137; x_wconf 71' lang='grc' dir='ltr'><strong><em>δεαπὲπλιχε·</em></strong></span> <span class='ocrx_word' id='word_1_289' title='bbox 783 4051 914 4112; x_wconf 78' lang='lat' dir='ltr'><strong>Ernesti</strong></span> <span class='ocrx_word' id='word_1_290' title='bbox 933 4050 973 4110; x_wconf 80' lang='lat' dir='ltr'><strong>sd</strong></span> <span class='ocrx_word' id='word_1_291' title='bbox 994 4047 1120 4110; x_wconf 85' lang='lat' dir='ltr'><strong>Gallim.</strong></span> <span class='ocrx_word' id='word_1_292' title='bbox 1136 4045 1178 4106; x_wconf 93' lang='lat' dir='ltr'><strong>H.</strong></span> <span class='ocrx_word' id='word_1_293' title='bbox 1193 4045 1228 4104; x_wconf 91' lang='lat' dir='ltr'><strong>in</strong></span> <span class='ocrx_word' id='word_1_294' title='bbox 1251 4079 1260 4092; x_wconf 87' lang='lat'><em>-</em></span> 
     </span>
     <span class='ocr_line' id='line_1_41' title="bbox 230 4131 1228 4230; baseline -0.005 -32"><span class='ocrx_word' id='word_1_295' title='bbox 230 4138 332 4198; x_wconf 88' lang='lat' dir='ltr'><strong>Dian.</strong></span> <span class='ocrx_word' id='word_1_296' title='bbox 354 4135 423 4199; x_wconf 75' lang='lat'><strong>243.</strong></span> <span class='ocrx_word' id='word_1_297' title='bbox 446 4135 587 4196; x_wconf 83' lang='lat' dir='ltr'><strong>Brunclr.</strong></span> <span class='ocrx_word' id='word_1_298' title='bbox 617 4137 698 4198; x_wconf 80' lang='lat' dir='ltr'><strong>Lex.</strong></span> <span class='ocrx_word' id='word_1_299' title='bbox 727 4131 878 4218; x_wconf 88' lang='lat' dir='ltr'><strong>Sophocl.</strong></span> <span class='ocrx_word' id='word_1_300' title='bbox 899 4157 923 4197; x_wconf 89' lang='lat' dir='ltr'><strong>s.</strong></span> <span class='ocrx_word' id='word_1_301' title='bbox 942 4155 974 4196; x_wconf 85' lang='lat' dir='ltr'><strong>v.</strong></span> <span class='ocrx_word' id='word_1_302' title='bbox 1002 4131 1164 4230; x_wconf 64' lang='lat' dir='ltr'><strong>cippsnlll.</strong></span> <span class='ocrx_word' id='word_1_303' title='bbox 1185 4161 1228 4177; x_wconf 91' lang='lat'>-</span> 
     </span>
     <span class='ocr_line' id='line_1_42' title="bbox 232 4213 1227 4308; baseline -0.012 -21"><span class='ocrx_word' id='word_1_304' title='bbox 232 4220 424 4287; x_wconf 84' lang='lat' dir='ltr'><strong>Lectionem</strong></span> <span class='ocrx_word' id='word_1_305' title='bbox 447 4223 608 4306; x_wconf 71' lang='lat' dir='ltr'><strong>volgatum</strong></span> <span class='ocrx_word' id='word_1_306' title='bbox 636 4225 730 4290; x_wconf 77' lang='lat' dir='ltr'><strong>nosci</strong></span> <span class='ocrx_word' id='word_1_307' title='bbox 756 4223 985 4308; x_wconf 77' lang='grc' dir='ltr'><strong><em>περτπλέκτοτς,</em></strong></span> <span class='ocrx_word' id='word_1_308' title='bbox 1029 4235 1057 4276; x_wconf 82' lang='grc' dir='ltr'><strong>τι</strong></span> <span class='ocrx_word' id='word_1_309' title='bbox 1075 4233 1150 4277; x_wconf 84' lang='lat' dir='ltr'><strong>sana</strong></span> <span class='ocrx_word' id='word_1_310' title='bbox 1172 4213 1227 4294; x_wconf 85' lang='lat' dir='ltr'><strong>sit,</strong></span> 
     </span>
    </p>
   </div>
   <div class='ocr_carea' id='block_1_7' title="bbox 0 0 1482 5020">
    <p class='ocr_par' dir='ltr' id='par_1_12' title="bbox 0 0 1482 5020">
     <span class='ocr_line' id='line_1_43' title="bbox 0 0 1482 5020; baseline 0 0"><span class='ocrx_word' id='word_1_311' title='bbox 0 0 1482 5020; x_wconf 95' lang='lat' dir='ltr'><strong> </strong></span> 
     </span>
    </p>
   </div>
  </div>
 </body>
</html>
