2816 5014
288 489 595 576 runoourrr
622 491 900 580 mrumou
929 497 982 564 11.
1125 527 1165 595 9.

161 657 246 726 Vide
258 679 409 726 amorem
418 685 549 744 meum,
572 662 660 730 vnde
671 661 814 745 venerit,
835 671 1034 740 veneranda
1044 674 1151 748 Luna.

118 759 225 846 Atque
237 761 284 828 sio
297 763 446 846 ancillae,
468 766 560 851 quod
575 790 629 832 res
649 779 731 850 erat,
753 771 882 854 aperui,

117 859 196 946 Age,
218 862 384 953 Thestylt
406 869 519 951 gravis
533 868 644 935 morbi
657 871 741 938 mihi
755 872 872 938 inveni
888 877 1090 948 remedium.

118 961 238 1029 Totam
251 989 308 1032 me
321 966 422 1034 habet
434 969 592 1038 miseram
606 973 766 1060 Myndius
781 973 846 1040 ille.
889 977 979 1066 Ergo
992 981 1048 1048 abi

116 1062 161 1128 Et
173 1065 312 1132 observa
325 1070 368 1136 ad
382 1073 422 1136 Ti
427 1074 548 1160 magati
565 1077 781 1166 palaestram:

117 1164 166 1230 Eo
179 1167 272 1234 enim
284 1169 360 1256 ital,
382 1173 430 1237 ibi
443 1174 474 1239 ei
493 1177 619 1266 volupe
634 1191 684 1244 sat
696 1179 834 1246 versari.

159 1269 244 1336 Vide
258 1295 411 1340 amorem
426 1299 553 1361 meum,
575 1281 666 1346 vnde
679 1281 820 1354 venerit.
841 1263 1035 1356 venerinda
1044 1291 1151 1360 Luna.
1173 1329 1180 1347 ι

9 1445 11 1468 .
118 1369 160 1436 Et
173 1375 308 1458 quando
323 1378 430 1444 solum
445 1402 522 1446 eum
536 1381 670 1466 videris,
692 1384 794 1450 tacite
809 1383 915 1448 innuo

118 1473 161 1540 Et
172 1475 242 1541 dios
265 1477 439 1546 Simaetha
453 1491 487 1544 te
501 1495 615 1550 vocat:
638 1498 714 1550 tum
730 1486 797 1551 huc
810 1485 965 1553 adducas.

7 1657 8 1664 ἵ
66 1577 71 1584 ’
121 1577 172 1643 Sic
187 1577 278 1644 dixi:
306 1580 366 1645 illa
388 1581 470 1648 abiit
490 1595 524 1648 et
541 1586 683 1652 adduxit
701 1586 847 1652 nitidum

122 1679 210 1746 Meas
225 1683 264 1748 in
281 1681 381 1746 aedes
396 1685 553 1774 Delphin.
599 1688 716 1778 Quem
730 1688 832 1754 simul
844 1711 883 1756 ao
897 1689 970 1759 vidi

120 1782 239 1847 lanuaa
260 1783 366 1850 limen
393 1803 610 1877 superantem
637 1793 725 1880 pede
746 1791 827 1870 levi,

162 1885 267 1967 (Vide
297 1909 449 1956 amorem
482 1915 618 1978 meum,
669 1895 758 1960 vnde
790 1894 939 1980 venerit,
982 1902 1176 1972 veneranda

697 1997 830 2078 Luna.)

123 2091 240 2159 Omnis
260 2091 382 2162 resrixi
403 2093 482 2162 nive
502 2098 628 2188 magis,
657 2122 703 2168 ex
724 2097 839 2166 fronte

123 2282 329 2302 ῃ

1 2355 3 2488 l
187 2388 256 2450 cab.
268 2389 351 2476 ἔχειν
371 2389 406 2452 in
419 2411 453 2495 re
476 2391 628 2504 amatoria
643 2413 676 2454 v.
690 2390 844 2458 Valcken.
862 2393 903 2456 ad
917 2393 1045 2460 Gallim.
1061 2395 1175 2480 fragm.

145 2493 352 2644 98i⁰h32ishhr
366 2479 536 2624 Thffliilii
551 2585 623 2625 oum
638 2569 713 2627 loeo
722 2549 911 2626 Callimachi
928 2579 1092 2648 comparat
1105 2567 1181 2630 Vale

186 2641 278 2705 cken.
296 2643 335 2706 ad
354 2645 482 2708 Gallim.
498 2648 611 2730 fragm.
627 2669 660 2730 p.
676 2649 749 2724 237.
792 2649 911 2710 Kieasl.

150 2761 228 2844 1003
240 2742 361 2838 μάθῃς,
376 2746 476 2847 Ι(1008
489 2749 673 2811 Bruncltins
687 2763 821 2834 propter
832 2751 901 2814 ἐπεὶ
921 2748 959 2814 siv
972 2770 1032 2848 pro
1047 2753 1180 2848 vulgato

186 2842 301 2910 μαθοις
322 2831 527 2895 scribendum
547 2856 616 2897 esse
636 2848 822 2908 monuerat,
851 2847 957 2894 exstat
976 2855 1012 2892 m
1033 2833 1182 2916 plurrbus

190 2913 366 2981 codicibus.
409 2920 495 2981 Mox
510 2917 596 2981 idem
610 2919 760 2982 exhihuit
775 2917 808 2978 in
825 2931 916 2979 textu
931 2916 1019 2996 καλῆ.
1064 2919 1162 2982 Harl.

150 3033 219 3078 101.
241 3017 323 3104 κῇφἾ
339 3035 503 3082 accentum
517 3020 641 3104 primus
653 3019 961 3082 mutavitSchaefer.
977 3019 1182 3082 consentien-

188 3115 221 3161 te
238 3103 297 3166 Cd.
312 3105 428 3167 Schell.
448 3105 535 3188 quod
556 3107 641 3168 enim
658 3105 849 3190 vulgabatur
869 3101 957 3193 suip’,
981 3119 1030 3165 est
1042 3115 1073 3164 et
1085 3105 1179 3168 dixit.

189 3187 271 3248 Tum
295 3213 367 3250 cum
382 3190 440 3252 Cd.
455 3189 570 3252 Schell.
584 3189 669 3252 Aldo
689 3205 722 3252 st
736 3185 846 3250 Reisli.
869 3187 1052 3272 scripsimus
1066 3188 1181 3275 sipuya'o

188 3271 226 3331 ab
247 3274 453 3358 ὑφηγεῖσθαι,
475 3298 545 3336 eum
562 3277 647 3336 elam
666 3273 728 3335 huo
749 3275 828 3350 duo,
852 3295 939 3351 non,
966 3270 1053 3358 quod
1072 3273 1179 3336 voluit

190 3357 355 3434 Reiskius,
375 3365 472 3441 praei
485 3364 573 3421 vium
587 3363 649 3424 illi.
692 3359 809 3420 Kiessl.

153 3441 316 3508 103.104.
350 3445 459 3510 ἕνόασα
479 3443 621 3506 Brunck.
643 3478 685 3492 -·
718 3446 772 3505 De
791 3441 950 3525 particula
972 3439 1056 3524 ἄρτι,
1093 3441 1178 3520 eben,

193 3529 278 3591 conf.
298 3531 416 3590 Graefe
431 3529 472 3590 sd
485 3529 646 3614 Meleagri
660 3529 772 3614 Epigr.
786 3548 819 3610 p.
829 3547 878 3599 70.
893 3539 925 3586 et
938 3525 1046 3624 Viget.
1060 3549 1092 3610 p.
1108 3525 1181 3593 586.

189 3633 236 3696 sq.
259 3647 300 3663 ·-
321 3613 471 3676 Medium
493 3609 695 3695 ἀμείβεσθαι,
732 3634 796 3698 quo
819 3611 923 3672 vtitur
947 3625 1045 3672 etiam
1061 3611 1181 3674 Home·

193 3721 246 3759 rus
260 3697 353 3762 Iliad.
370 3721 400 3783 9,
415 3697 488 3782 409.
509 3697 626 3782 Odyss.
643 3720 693 3775 10,
710 3694 782 3762 5¹28.
796 3694 985 3758 scholiastes
999 3711 1109 3758 monet
1122 3717 1183 3780 pro

192 3783 300 3845 activo
317 3783 408 3866 poni.
433 3786 475 3845 cf.
490 3783 685 3868 Wesseling.
703 3781 743 3846 ad
758 3777 915 3844 Herodot.
932 3801 964 3864 p.
978 3778 1051 3844 408.
1068 3779 1119 3845 58.
1141 3782 1182 3844 K.

150 3883 221 3948 106.
244 3885 342 3947 Conf.
360 3887 536 3966 elegantem
558 3884 704 3968 Sapphus
728 3883 821 3946 odam
839 3881 896 3945 IX.
918 3903 950 3964 p.
969 3879 1015 3946 16.
1037 3879 1184 3964 inprimis

190 3993 222 4054 p.
241 3971 292 4034 50.
315 3967 395 4032 edit.
408 3969 516 4030 Wolf.
540 3977 586 4053 (p.
605 3970 654 4034 24.
678 3969 727 4031 ed.
744 3968 891 4052 volgae.)
915 3969 1060 4049 Propert.
1076 3969 1118 4028 ll.
1138 3963 1185 4030 18.

194 4073 243 4118 12.
267 4053 381 4136 ibique
399 4053 583 4116 Broukhus.
606 4057 703 4116 Harl.
750 4052 848 4116 Conf.
863 4051 1017 4134 Apollon.
1034 4049 1143 4111 Rhod.
1161 4051 1186 4112 1.

195 4139 285 4202 1261.
305 4140 364 4201 ΙΙΙ.
379 4139 439 4224 954
454 4173 498 4188 -
510 4139 582 4222 965,
598 4139 654 4202 vbi
669 4136 809 4202 Medeae
824 4157 897 4198 sum
911 4139 1025 4197 Iasone
1043 4153 1190 4218 cougres·

192 4247 262 4286 snm
286 4223 449 4306 depinxit.
491 4225 609 4286 Kiessl.
