2922 5026
379 483 683 547 seonrrros
720 477 920 553 suerri!
1116 501 1180 566 799

176 651 262 716 miae
276 649 405 716 Rhodii
420 674 536 735 ovum,
561 655 642 730 alas,
665 652 819 727 securim,
844 651 1013 716 Theocriti
1029 651 1180 738 fistulam,
1250 660 1254 668 “

177 754 284 802 notae.
316 739 470 800 Lutetiae
491 737 705 817 Parisiorum,
740 745 926 804 cloncxlx‘.
948 737 979 802 4.
1003 772 1045 789 -
1066 763 1099 826 p·
1118 763 1183 835 209

153 843 216 873 ·-
239 846 275 890 21
303 869 311 885 ·
355 829 397 886 K·

132 909 264 972 Fistula
282 846 348 972 9vel
377 888 496 998 ztipty}
524 909 588 972 hoc
622 905 865 997 s’rrsypoeppsaitsov
894 910 1084 974 inscribitur
1116 907 1183 984 (imi

174 997 229 1063 τοῦ
259 993 426 1082 σχήματος.
471 996 544 1058 Hoc
572 996 658 1057 enim
679 995 794 1057 ordine
822 1011 986 1080 compacta
1003 1012 1068 1074 est,
1099 1015 1136 1061 vt
1160 1023 1180 1062 a

175 1081 324 1142 maximis
346 1096 379 1142 et
401 1081 601 1165 longissimis
624 1079 770 1142 versibus
792 1081 952 1164 incipiens
972 1083 1006 1144 in
1024 1084 1179 1150 minimos

177 1181 210 1228 et
225 1165 431 1228 brevissimos
447 1165 588 1238 desinat,
613 1163 725 1226 eodem
739 1172 834 1250 plane
848 1167 964 1246 modo,
989 1191 1055 1252 qno
1071 1187 1184 1252 pasto-¹

168 1251 273 1328 -ripiae
298 1249 435 1312 fistulae.
458 1251 525 1312 vid.
538 1251 660 1312 Tibull.
679 1252 719 1313 ΙΙ.
734 1253 764 1318 5.
782 1249 832 1314 51.
858 1253 935 1315 Bini
952 1269 1059 1315 antem
1074 1255 1177 1322 huius

176 1336 336 1420 poematis
360 1358 468 1397 versus
484 1357 608 1418 semper
629 1357 728 1396 vnum
744 1336 870 1399 fistulae
887 1341 1039 1400 calamum
1057 1343 1177 1403 consti-

175 1435 285 1484 tuunt.
331 1423 380 1482 Ita
401 1420 502 1506 igitur
520 1421 661 1504 dispares
676 1437 752 1482 sunt
768 1443 896 1497 omnes,
921 1423 956 1482 in
974 1446 1094 1486 morem
1111 1425 1177 1488 dis·

175 1508 301 1590 parinm
318 1505 442 1568 fistulae
458 1528 650 1585 cannarum,
681 1523 717 1567 vt
734 1520 840 1568 tamen
856 1507 974 1590 positis
991 1509 1109 1594 abique
1127 1511 1177 1574 bi·

175 1592 226 1651 nis
240 1591 391 1674 paribus,
416 1591 473 1689 qui
489 1612 623 1653 cannam
637 1613 731 1652 vnnm
747 1590 899 1666 reddunt,
924 1607 992 1654 tota
1008 1593 1178 1678 disparitas

174 1677 340 1754 indecem
362 1676 451 1736 binrs
467 1678 637 1752 consistat,
671 1692 753 1760 quot
768 1699 903 1738 numero
919 1699 1040 1740 cannae
1056 1685 1108 1741 vel
1125 1704 1177 1743 ca·

173 1763 251 1825 lami
273 1761 308 1822 in
325 1761 387 1822 bac
405 1759 509 1822 fistula
524 1761 786 1837 constituuntur,
818 1783 916 1843 quum
935 1764 1123 1848 vulgaribus
1140 1765 1179 1827 fi·

173 1846 267 1909 stulis
289 1861 411 1930 septem
436 1861 562 1908 tanturn
582 1845 733 1908 inessent.
756 1847 960 1930 Virgi1.Ec1.
981 1849 1029 1909 11:
1043 1849 1095 1912 56.
1114 1853 1176 1911 Fi-

172 1935 261 1992 strala
283 1929 469 2012 'disparibus
482 1946 597 2012 septem
610 1946 778 2012 compacta
793 1937 920 1993 cicutis.
955 1933 1053 2018 Quod
1068 1936 1177 2017 Theo·

177 2019 278 2078 oritus
289 2017 375 2077 banc
391 2015 529 2079 fistulam
544 2039 585 2080 ex
593 2015 704 2077 decem
718 2015 844 2077 calamis
857 2020 1052 2100 composuit,
1076 2021 1176 2084 buius

175 2103 225 2164 rei
243 2123 371 2162 cansam
388 2101 595 2162 verisimilem
610 2101 694 2162 hanc
708 2101 771 2162 sibi
785 2101 914 2164 videtur
931 2105 1041 2167 afferre
1057 2106 1175 2170 Salma-

175 2188 254 2262 sius,
280 2185 367 2269 quod
385 2193 492 2270 poeta,
513 2208 611 2268 quum
626 2187 783 2248 Bucolica
795 2187 999 2263 absolvisset,
1024 2189 1174 2268 fistulam,

134 2329 135 2334 ,
173 2275 344 2356 pastoralia
360 2271 450 2332 illius
465 2287 499 2332 et
520 2272 658 2332 rusticae
673 2291 747 2331 suae
762 2271 825 2332 sibi
845 2275 960 2333 Musae
978 2275 1175 2339 instrumen-

154 2351 259 2434 ¹tn'm,
292 2356 507 2432 dedicaverit,
535 2355 593 2418 ilio
610 2377 698 2417 more
714 2377 779 2440 quo
796 2358 914 2440 reliqui
928 2360 1078 2422 solebant
1092 2365 1174 2423 arti-

172 2441 267 2517 fices,
293 2463 390 2524 opere
404 2443 513 2542 aliquo
531 2441 651 2503 eximio
670 2443 834 2523 perfecto,
866 2441 942 2504 artis
957 2461 1033 2506 ause
1053 2447 1173 2507 instru·

170 2543 278 2590 menta
308 2525 371 2587 diis
400 2541 477 2586 artu
505 2524 707 2671 ppseaidibus
731 2525 928 2610 suspendere
953 2551 989 2590 ac
1010 2528 1172 2598 dedicare.

171 2611 367 2675 Theocritus
383 2609 488 2694 igitur
543 2616 641 2672 tulam
659 2610 740 2670 Pani
757 2609 885 2673 dedicat
901 2631 975 2695 post
989 2616 1048 2680 τῶν
1061 2625 1173 2700 βουκο-
1212 2606 1215 2625 '

171 2699 264 2764 irenis
281 2697 422 2776 ἔκδοσιν,
450 2711 561 2756 votum
578 2696 731 2780 pastorali
746 2717 783 2757 ac
797 2697 939 2758 silvestri
955 2699 1015 2761 deo
1031 2707 1170 2780 solvens,

171 2799 203 2845 ct
220 2783 309 2844 illius
324 2781 459 2868 agrestis
474 2783 591 2843 Musae
605 2780 763 2863 praestiti.
808 2783 859 2842 Ex
871 2782 981 2845 decern
998 2799 1105 2848 autern
1120 2811 1172 2849 ca·

167 2869 263 2929 lamis
290 2867 373 2928 lianc
400 2865 537 2926 fistulam
560 2863 680 2926 struxit
708 2887 767 2948 pro
789 2889 925 2929 nurnero
947 2869 1171 2933 bucolicorum

114 3021 116 3028 ¹
172 2951 323 3030 odarum,
355 2972 433 3034 qnas
457 2949 494 3011 ad
516 2951 603 3011 illam
620 2951 788 3013 cecinerat.
818 2953 903 3014 Nam
921 2951 1029 3016 decem
1044 2969 1171 3018 tantum

170 3037 311 3120 Eclogas
332 3035 505 3098 Theocriti
524 3055 611 3096 mere
630 3034 794 3096 bucolicas
820 3058 886 3098 esse
915 3053 1068 3102 testatum
1097 3041 1172 3104 reli-

171 3137 320 3204 querunt·
335 3136 458 3184 veteres
486 3119 602 3180 critici.
657 3119 711 3180 sic
741 3121 870 3182 Servius
898 3123 948 3208 [in
973 3145 1116 3207 prooem.
1134 3126 1169 3189 in

169 3206 283 3268 lincol.
299 3205 374 3267 Vid.
391 3207 501 3288 Heyn.
518 3202 676 3266 dissertat.
697 3201 736 3266 de
758 3207 897 3268 carmine
920 3209 1070 3270 bucolico
1093 3233 1125 3294 p.
1142 3235 1172 3300 9.

170 3291 288 3377 virgil.
309 3289 388 3351 edit.
410 3293 453 3352 11.
482 3288 555 3372 K.]:
588 3291 652 3350 Sed
675 3302 722 3348 est
742 3292 924 3365 sciendum,
958 3297 1031 3354 VJ!
1046 3298 1172 3378 eclogas

171 3398 235 3436 esse
256 3397 361 3436 curas
383 3380 525 3436 rusticas
532 3419 543 3446 ,
573 3397 655 3458 quas
675 3375 857 3438 Theocritus
873 3381 909 3440 X
920 3381 1021 3442 habet.
1036 3417 1080 3430 -
1093 3384 1173 3445 Ver·

173 3483 227 3521 sus
240 3461 394 3550 lipom
416 3460 529 3542 scripti
553 3477 630 3520 sunt
652 3461 729 3524 sarsi
742 3465 860 3544 σχίσιν,
892 3463 1075 3550 etquidem
1094 3465 1172 3533 acrei

171 3545 368 3630 παράλληλον
391 3543 475 3621 τάξιν
499 3541 748 3632 παραβέλλονται
767 3555 798 3614 oi
815 3545 1075 3631 ἐπιστρέφοντες.
1097 3576 1171 3614 uam

173 3631 334 3694 secundus
364 3631 470 3714 primo
500 3629 691 3712 respondet,
729 3632 826 3694 tertio
858 3649 1009 3718 quartus,
1055 3637 1171 3718 quinto

172 3732 300 3790 sextus,
325 3731 357 3776 et
376 3715 423 3776 ita
438 3713 477 3776 de
493 3715 617 3778 ceteris

128 3817 246 3882 Versus
277 3816 399 3900 primus
427 3831 502 3876 ante
524 3815 712 3878 salmasium
743 3816 798 3878 hic
820 3831 905 3878 erat:
942 3816 1049 3918 stipis}
1069 3819 1173 3902 οὔνομ’

171 3901 268 3983 ἔχεις,
300 3903 368 3984 piiss
391 3901 427 3965 δέ
452 3925 487 3966 cs
506 3901 601 3985 pirou
625 3909 744 3986 σοφίας.
767 3923 861 3986 quem
881 3903 1052 3964 Salmasius
1072 3905 1171 3966 eiecit

149 3984 288 4050 idoneis
311 3986 351 4046 de
367 3987 483 4046 causis.
527 3986 609 4048 Nam
635 3989 785 4069 primunr,
810 4007 908 4070 quum
929 4009 1037 4048 omnes
1060 4009 1169 4050 versus

170 4071 204 4130 in
224 4071 288 4132 hoc
307 4087 457 4153 poemate
478 4070 666 4152 παράλληλοι
686 4073 753 4132 sint
774 4085 806 4132 et
822 4071 890 4130 bini
912 4070 985 4130 bini
1004 4071 1168 4148 incedant,
1254 4065 1261 4082 ⁶

169 4156 225 4215 hic
245 4157 437 4240 παράλληλον
458 4178 551 4216 suum
568 4153 753 4217 nonhabet.
782 4153 925 4227 Deinde,
953 4177 1050 4238 quum
1065 4169 1170 4219 totum

166 4239 232 4303 hoc
251 4241 412 4328 scripturn¹
426 4239 470 4300 sit
492 4241 729 4326 αἰνιγματῶδες,
760 4239 815 4302 hrc
829 4244 916 4300 solua
930 4259 1038 4300 versus
1051 4246 1166 4324 plenus
