2956 5020
278 433 284 440 '
310 446 614 514 tanacetum
646 437 928 541 turmore
959 447 1087 518 xva.
1145 445 1210 540 457

42 535 51 572 l

150 615 220 688 Sed
233 617 328 686 nulla
339 617 381 686 iis
392 618 472 686 iude
486 617 583 688 'forst
594 615 747 706 voluptas
753 626 768 697 ‚'
785 626 963 707 postquam
982 616 1115 684 dulcem
1129 607 1211 700 dra-3

331 765 335 772 -
393 757 395 764 ·
730 732 877 786 cuarunt

150 824 313 894 Animam
326 824 479 896 inlatam
497 821 655 912 cymbam
668 818 768 888 tristis
782 820 1004 889 Acherontisa

149 929 228 996 Non
241 926 431 1009 memorati,
451 925 578 992 relictis
591 922 703 990 multia
718 921 782 988 illis
799 924 931 1014 opibus,

151 1032 244 1098 Inter
256 1029 393 1094 miseros
408 1038 561 1092 mortuos
574 1026 748 1115 perlonga
763 1027 895 1092 saecula
906 1026 1065 1111 iacerent,

151 1127 225 1200 Nisi
239 1149 383 1218 magnus
396 1140 489 1194 vates
500 1129 612 1209 Ceius,
635 1129 733 1196 docto
746 1149 805 1192 ore
817 1149 941 1194 canens
1015 1147 1019 1154 ·
1172 1179 1174 1186 .
1206 1209 1210 1218 ,

105 1223 108 1231 ’
152 1232 207 1302 Ad
223 1231 394 1298 barbitum
405 1232 519 1298 multis
532 1229 653 1296 fidibus
668 1240 871 1312 contentam,
893 1230 1001 1296 claros
1014 1229 1212 1300 reddidisset

37 1363 39 1368 ¹
152 1337 247 1406 Inter
259 1333 419 1400 minores.
442 1333 614 1400 Honorem
629 1334 727 1400 etiam
744 1333 869 1398 celeras
885 1331 962 1420 equi
975 1331 1084 1400 sortiti
1098 1347 1188 1423 sunt,

155 1435 230 1525 Qui
245 1436 286 1502 iis
302 1459 345 1502 ex
360 1435 459 1502 saorla
474 1433 715 1516 certatniuibus'
729 1431 878 1502 coronati
889 1433 1085 1500 redierunt..
1208 1455 1218 1470 ·

154 1537 244 1627 Quis
256 1533 408 1625 unquam
418 1536 586 1627 principes
600 1537 800 1628 Lyciorum,
822 1535 902 1622 quis.
915 1545 1061 1603 comatos

256 1689 259 1698 ι

158 1714 367 1732 *ιιι-ι·-

171 1791 174 1800 '
220 1803 304 1864 cinit
318 1803 353 1863 iu
371 1802 528 1866 bonorem
543 1800 781 1879 Thessalorum,
805 1815 886 1865 testa
900 1793 1088 1866 Scholiasta.
1118 1797 1211 1874 αἰόλα

161 1899 181 1906 ”
219 1889 347 1972 φωνέων
364 1887 477 1971 (quod
500 1889 633 1949 verbum
650 1901 687 1948 vt
707 1885 912 1970 dissyllabum
931 1888 1212 1969 pronunciandum

218 1981 292 2053 eat).
308 1987 395 2034 recte
417 1969 564 2034 defendit
579 1971 741 2055 chpicra
757 1994 788 2055 p.
803 1971 854 2057 69.
878 1971 981 2054 [αἰόλα
1001 1975 1122 2056 φωνέων
1143 1965 1225 2037 uou'

218 2055 423 2119 referendum
438 2070 485 2118 eat
499 2055 540 2118 ad
553 2057 729 2120 carminum
742 2057 863 2119 varium
878 2077 989 2141 genua,
1009 2057 1064 2119 aad
1078 2056 1118 2120 ad
1131 2064 1222 2122 mut-⁸

219 2147 1214 2308 iztltffflnt‘.tlt:'tlhmltii't’nlttlllff'silli‘ltttt

220 2310 317 2372 etiam
325 2311 543 2418 Hermogenes
557 2307 596 2370 de
612 2305 871 2391 ideiaH.p.·15'.¹⁰›.'
885 2306 958 2372 Ald.
970 2307 1016 2416 lp.
1024 2309 1095 2376 560.
1110 2311 1214 2398 Pom)

222 2409 260 2456 vt
273 2411 367 2457 antea
380 2397 485 2466 δεινος.
510 2393 637 2472 ultast]
661 2425 701 2442 ·-
722 2396 819 2468 κεῖνος
832 2401 892 2476 plo
904 2397 1010 2470 δεινος,
1032 2394 1120 2478 quod
1135 2399 1213 2458 arri·

223 2477 279 2540 det
301 2478 397 2540 ctiam
420 2475 652 2552 Valckenario‚
685 2477 838 2558 praebent
858 2476 1010 2540 tredecim
1034 2477 1103 2540 cdd.
1127 2480 1214 2564 apud

222 2558 384 2623 Gaiaford.
406 2593 450 2609 -
470 2559 559 2620 Vera.
574 2557 626 2623 45·
641 2557 724 2637 θῆκ’,
747 2560 778 2620 b·
794 2581 821 2622 e.
829 2562 927 2642 fecit,
949 2563 1097 2624 reddidit.
1118 2587 1155 2626 v.
1164 2566 1214 2626 in·

200 2691 203 2700 ,
224 2643 287 2706 dic.
310 2643 351 2704 ad
372 2643 508 2705 Anthcl‘.
527 2663 573 2729 gr.
587 2657 675 2726 poet.
697 2677 739 2692 -
761 2645 921 2712 Barbiton
939 2647 1005 2706 fuit
1025 2652 1094 2729 lyra
1116 2648 1213 2732 septi·

223 2727 354 2792 chordis
375 2728 532 2804 eburnea,
555 2742 592 2788 vt
610 2728 658 2789 ait
679 2726 778 2790 schol.
801 2727 841 2789 ad
862 2731 977 2792 Horat.
992 2731 1015 2792 Ι.
1039 2731 1092 2793 od.
1112 2736 1139 2802 Ι.
1163 2731 1213 2798 54.

223 2812 305 2875 adde
321 2814 439 2874 Athen.
455 2812 511 2874 IV.
526 2809 579 2874 ab.
599 2813 715 2898 Bagcri
730 2812 868 2874 thesaur.
883 2814 1122 2902 Brandenburg.
1136 2833 1213 2882 tom.
1247 2887 1250 2896 ,

221 2899 268 2964 ΙΙ.
288 2921 320 2982 p.
332 2897 394 2980 576
409 2917 456 2980 aq.
479 2899 576 2958 Harl.
616 2899 698 2960 Duo
713 2897 784 2959 cdd.
800 2895 992 2982 πολύφωνον.
1034 2905 1150 2964 Kieaal.
1217 2977 1220 2988 Ι

178 3025 233 3096 46.
254 3026 306 3110 47.
327 3025 436 3109 τιμᾶς,
459 3021 546 3108 quod
560 3023 652 3086 malit
663 3023 821 3102 Warton,
846 3023 1001 3088 eduobua
1018 3023 1089 3086 cdd.
1105 3043 1214 3090 encta·

220 3127 291 3174 tum
305 3132 362 3196 pro
377 3105 467 3192 ημᾰς
481 3106 640 3170 dederunt
652 3109 764 3170 Valck.
780 3123 813 3169 et
826 3109 965 3172 Rrunck.
995 3133 1026 3176 v.
1040 3111 1224 3196 Koppiers.,

223 3197 312 3281 Equi
326 3196 466 3257 victores
479 3191 515 3251 iu
529 3193 723 3255 Graecorum
739 3193 894 3278 agonibus
912 3198 1057 3256 coronati
1071 3196 1214 3262 fuerunt.

225 3281 322 3342 Conf.
345 3281 443 3341 Klotz
467 3277 502 3336 in
521 3276 672 3340 Lectiou.
686 3278 805 3339 Venus.
827 3299 858 3360 p.
874 3275 945 3342 546.
968 3277 1095 3342 Callim.
1118 3281 1159 3344 H.
1179 3283 1215 3344 in

226 3365 332 3428 Cerer.
347 3387 378 3426 v.
400 3379 468 3425 110.
484 3360 595 3444 ibique
614 3361 782 3448 spanhem.
815 3363 850 3420 it.
862 3361 1006 3428 Paschal.
1022 3364 1061 3426 de
1077 3365 1215 3446 Coronis

223 3448 298 3512 libr.
320 3447 376 3510 Vl.
401 3469 428 3508 c.
445 3447 491 3511 15.
519 3447 616 3507 Harl.
645 3482 689 3495 —
717 3445 853 3530 Vulgata
871 3460 977 3510 tamen
998 3471 1065 3510 non
1085 3471 1216 3532 prorsus

225 3529 422 3616 repudianda
443 3545 500 3592 eet.
552 3530 604 3590 Sic
625 3531 720 3592 etiam
745 3525 904 3614 τυγχάνειν
927 3533 1126 3595 construitur
1144 3557 1216 3598 cum

225 3615 420 3681 accusativo.
448 3615 641 3676 cf.Brunck.
663 3615 703 3676 ad
728 3615 824 3698 Soph.
844 3613 927 3676 Phil.
946 3617 1019 3683 508.
1046 3619 1216 3701 Koeppen.

227 3702 267 3764 ad
282 3701 378 3762 Hom.
393 3698 485 3761 Iliad.
497 3699 569 3763 XV.
579 3697 650 3765 580.
664 3699 841 3762 Matthiaei
856 3700 1025 3764 Grammat.
1042 3725 1088 3790 gr.
1103 3700 1217 3786 p.489.

227 3785 268 3848 ad
286 3781 403 3865 §.565
446 3786 561 3845 Kieasl.

181 3913 235 3982 48.
255 3909 412 3996 ἆρισιῆας]
428 3909 461 3972 b.
477 3933 504 3974 e.
522 3908 735 3992 Sarpedonem
751 3926 784 3973 ct
801 3911 990 3986 Pandarum,
1000 3913 1136 3988 ¹Homeri
1153 3933 1219 3972 car·

95 4019 96 4026 ¹
225 3997 369 4060 minibus
384 3995 529 4080 insignes
550 4010 583 4055 et
603 3995 805 4064 nobilitatos.
832 3995 944 4080 (Iliad.
959 3999 1001 4060 II.
1016 3993 1076 4077 875
1093 4017 1138 4080 aq.
1153 4016 1218 4056 me·

177 4123 179 4130 ,
224 4083 391 4146 morantur
421 4077 586 4162 Sarpedon
615 4095 649 4143 ct
676 4081 850 4168 Glaucus.)
879 4113 923 4132 -
950 4078 1032 4150 nond
1058 4099 1117 4164 pro
1145 4081 1219 4148 ποτὲ

164 4199 170 4208 ·
224 4165 366 4232 Brunck.
409 4167 508 4228 Harl.
810 4198 814 4206 =
