<?xml version="1.0" encoding="UTF-8"?>
<!DOCTYPE html PUBLIC "-//W3C//DTD XHTML 1.0 Transitional//EN"
    "http://www.w3.org/TR/xhtml1/DTD/xhtml1-transitional.dtd">
<html xmlns="http://www.w3.org/1999/xhtml" xml:lang="en" lang="en">
 <head>
  <title>
</title>
<meta http-equiv="Content-Type" content="text/html;charset=utf-8" />
  <meta name='ocr-system' content='tesseract 3.04.00' />
  <meta name='ocr-capabilities' content='ocr_page ocr_carea ocr_par ocr_line ocrx_word'/>
</head>
<body>
  <div class='ocr_page' id='page_1' title='image "./theocritireliqv00kiesgoog_0114.png"; bbox 0 0 2816 5016; ppageno 0'>
   <div class='ocr_carea' id='block_1_1' title="bbox 263 463 1141 540">
    <p class='ocr_par' dir='ltr' id='par_1_1' title="bbox 43 313 1141 590">
     <span class='ocr_line' id='line_1_1' title="bbox 263 463 1141 540; baseline -0.014 -3.005"><span class='ocrx_word' id='word_1_1' title='bbox 263 463 580 534; x_wconf 75' lang='lat' dir='ltr'><strong>ennoenrrs</strong></span> <span class='ocrx_word' id='word_1_2' title='bbox 601 463 872 536; x_wconf 65' lang='lat' dir='ltr'><strong>mimoni</strong></span> <span class='ocrx_word' id='word_1_3' title='bbox 901 467 952 532; x_wconf 88' lang='lat'><strong>11.</strong></span> <span class='ocrx_word' id='word_1_4' title='bbox 1082 473 1141 540; x_wconf 70' lang='lat'><strong>105</strong></span> 
     </span>
    </p>
   </div>
   <div class='ocr_carea' id='block_1_2' title="bbox 99 633 1253 730">
    <p class='ocr_par' dir='ltr' id='par_1_2' title="bbox 43 595 1253 730">
     <span class='ocr_line' id='line_1_2' title="bbox 99 633 1253 730; baseline 0.002 -22.861"><span class='ocrx_word' id='word_1_5' title='bbox 99 641 297 712; x_wconf 77' lang='lat' dir='ltr'><strong>Veneranda:</strong></span> <span class='ocrx_word' id='word_1_6' title='bbox 320 662 383 728; x_wconf 83' lang='lat' dir='ltr'><strong>ego</strong></span> <span class='ocrx_word' id='word_1_7' title='bbox 397 647 514 704; x_wconf 83' lang='lat' dir='ltr'><strong>autem</strong></span> <span class='ocrx_word' id='word_1_8' title='bbox 527 633 637 703; x_wconf 79' lang='lat' dir='ltr'><strong>feram</strong></span> <span class='ocrx_word' id='word_1_9' title='bbox 650 655 767 702; x_wconf 86' lang='lat' dir='ltr'><strong>meum</strong></span> <span class='ocrx_word' id='word_1_10' title='bbox 779 633 988 722; x_wconf 60' lang='lat' dir='ltr'><strong>laboremne</strong></span> <span class='ocrx_word' id='word_1_11' title='bbox 1001 639 1142 730; x_wconf 82' lang='lat' dir='ltr'><strong>suscepi.</strong></span> <span class='ocrx_word' id='word_1_12' title='bbox 1248 715 1253 722; x_wconf 67' lang='grc'><strong>,</strong></span> 
     </span>
    </p>
   </div>
   <div class='ocr_carea' id='block_1_3' title="bbox 43 737 1076 935">
    <p class='ocr_par' dir='ltr' id='par_1_3' title="bbox 43 737 1076 935">
     <span class='ocr_line' id='line_1_3' title="bbox 43 737 753 838; baseline -0.015 -26"><span class='ocrx_word' id='word_1_13' title='bbox 43 781 44 838; x_wconf 65' lang='lat' dir='ltr'>j</span> <span class='ocrx_word' id='word_1_14' title='bbox 129 745 214 826; x_wconf 73' lang='lat' dir='ltr'><strong>Vale,</strong></span> <span class='ocrx_word' id='word_1_15' title='bbox 234 745 335 810; x_wconf 84' lang='lat' dir='ltr'><strong>Luna</strong></span> <span class='ocrx_word' id='word_1_16' title='bbox 354 740 483 808; x_wconf 76' lang='lat' dir='ltr'><strong>nitidat</strong></span> <span class='ocrx_word' id='word_1_17' title='bbox 504 739 615 804; x_wconf 81' lang='lat' dir='ltr'><strong>valeto</strong></span> <span class='ocrx_word' id='word_1_18' title='bbox 633 749 667 803; x_wconf 86' lang='lat' dir='ltr'><strong>et</strong></span> <span class='ocrx_word' id='word_1_19' title='bbox 686 737 753 804; x_wconf 75' lang='lat' dir='ltr'><strong>ulia</strong></span> 
     </span>
     <span class='ocr_line' id='line_1_4' title="bbox 96 839 1076 935; baseline -0.006 -21"><span class='ocrx_word' id='word_1_20' title='bbox 96 845 212 930; x_wconf 83' lang='lat' dir='ltr'>Sidera,</span> <span class='ocrx_word' id='word_1_21' title='bbox 234 867 327 934; x_wconf 82' lang='lat' dir='ltr'><strong>quae</strong></span> <span class='ocrx_word' id='word_1_22' title='bbox 339 843 494 935; x_wconf 75' lang='lat' dir='ltr'>placidae</span> <span class='ocrx_word' id='word_1_23' title='bbox 511 843 620 908; x_wconf 83' lang='lat' dir='ltr'><strong>noctis</strong></span> <span class='ocrx_word' id='word_1_24' title='bbox 636 861 775 908; x_wconf 85' lang='lat' dir='ltr'><strong>currum</strong></span> <span class='ocrx_word' id='word_1_25' title='bbox 789 839 942 910; x_wconf 84' lang='lat' dir='ltr'><strong>comitari</strong></span> <span class='ocrx_word' id='word_1_26' title='bbox 955 842 1076 908; x_wconf 79' lang='lat' dir='ltr'><strong>soletis</strong></span> 
     </span>
    </p>
   </div>
   <div class='ocr_carea' id='block_1_4' title="bbox 42 1019 45 1204">
    <p class='ocr_par' dir='ltr' id='par_1_4' title="bbox 42 1019 45 1204">
     <span class='ocr_line' id='line_1_5' title="bbox 42 1019 45 1204; baseline 0 0"><span class='ocrx_word' id='word_1_27' title='bbox 42 1019 45 1204; x_wconf 80' lang='lat' dir='ltr'><strong>i</strong></span> 
     </span>
    </p>
   </div>
   <div class='ocr_carea' id='block_1_5' title="bbox 353 1461 867 1676">
    <p class='ocr_par' dir='ltr' id='par_1_5' title="bbox 353 1461 867 1676">
     <span class='ocr_line' id='line_1_6' title="bbox 353 1461 867 1537; baseline -0.014 0"><span class='ocrx_word' id='word_1_28' title='bbox 353 1461 867 1537; x_wconf 80' lang='lat' dir='ltr'><strong>ARGUMENTUM</strong></span> 
     </span>
     <span class='ocr_line' id='line_1_7' title="bbox 433 1617 789 1676; baseline -0.008 -1"><span class='ocrx_word' id='word_1_29' title='bbox 433 1617 789 1676; x_wconf 75' lang='lat' dir='ltr'><strong>1DYLL11nt</strong></span> 
     </span>
    </p>
   </div>
   <div class='ocr_carea' id='block_1_6' title="bbox 40 1789 1150 3408">
    <p class='ocr_par' dir='ltr' id='par_1_6' title="bbox 40 1789 1150 3408">
     <span class='ocr_line' id='line_1_8' title="bbox 165 1789 1144 1882; baseline 0.001 -24"><span class='ocrx_word' id='word_1_30' title='bbox 165 1795 365 1882; x_wconf 74' lang='lat' dir='ltr'><strong>caprarius,</strong></span> <span class='ocrx_word' id='word_1_31' title='bbox 390 1794 497 1880; x_wconf 80' lang='lat' dir='ltr'><strong>gregis</strong></span> <span class='ocrx_word' id='word_1_32' title='bbox 514 1791 568 1853; x_wconf 89' lang='lat' dir='ltr'><strong>sui</strong></span> <span class='ocrx_word' id='word_1_33' title='bbox 589 1813 665 1854; x_wconf 83' lang='lat' dir='ltr'><strong>curs</strong></span> <span class='ocrx_word' id='word_1_34' title='bbox 681 1793 800 1878; x_wconf 82' lang='lat' dir='ltr'>Tityro</span> <span class='ocrx_word' id='word_1_35' title='bbox 817 1789 944 1878; x_wconf 75' lang='lat' dir='ltr'><strong>pastori</strong></span> <span class='ocrx_word' id='word_1_36' title='bbox 967 1793 1144 1876; x_wconf 79' lang='lat' dir='ltr'><strong>commisse,</strong></span> 
     </span>
     <span class='ocr_line' id='line_1_9' title="bbox 97 1891 1145 1984; baseline 0.004 -28"><span class='ocrx_word' id='word_1_37' title='bbox 97 1897 128 1958; x_wconf 79' lang='lat' dir='ltr'><strong>td</strong></span> <span class='ocrx_word' id='word_1_38' title='bbox 145 1895 375 1981; x_wconf 80' lang='lat' dir='ltr'><strong>Amaryllidis,</strong></span> <span class='ocrx_word' id='word_1_39' title='bbox 410 1915 504 1980; x_wconf 81' lang='lat' dir='ltr'><strong>quam</strong></span> <span class='ocrx_word' id='word_1_40' title='bbox 527 1891 670 1978; x_wconf 83' lang='lat' dir='ltr'><strong>deperit,</strong></span> <span class='ocrx_word' id='word_1_41' title='bbox 707 1911 834 1957; x_wconf 79' lang='lat' dir='ltr'><strong>antrum</strong></span> <span class='ocrx_word' id='word_1_42' title='bbox 853 1893 997 1972; x_wconf 84' lang='lat' dir='ltr'><strong>accedit,</strong></span> <span class='ocrx_word' id='word_1_43' title='bbox 1034 1895 1145 1984; x_wconf 78' lang='lat' dir='ltr'>ibique</span> 
     </span>
     <span class='ocr_line' id='line_1_10' title="bbox 98 1995 1146 2084; baseline 0.001 -25"><span class='ocrx_word' id='word_1_44' title='bbox 98 2003 177 2061; x_wconf 79' lang='lat' dir='ltr'><strong>nun</strong></span> <span class='ocrx_word' id='word_1_45' title='bbox 189 1999 226 2062; x_wconf 86' lang='lat' dir='ltr'><strong>de</strong></span> <span class='ocrx_word' id='word_1_46' title='bbox 241 2003 381 2084; x_wconf 75' lang='lat' dir='ltr'><strong>puellae</strong></span> <span class='ocrx_word' id='word_1_47' title='bbox 402 2010 527 2058; x_wconf 84' lang='lat' dir='ltr'><strong>mutato</strong></span> <span class='ocrx_word' id='word_1_48' title='bbox 540 1995 575 2056; x_wconf 90' lang='lat' dir='ltr'><strong>iu</strong></span> <span class='ocrx_word' id='word_1_49' title='bbox 592 2014 626 2056; x_wconf 88' lang='lat' dir='ltr'><strong>se</strong></span> <span class='ocrx_word' id='word_1_50' title='bbox 652 1997 760 2060; x_wconf 79' lang='lat' dir='ltr'><strong>animo</strong></span> <span class='ocrx_word' id='word_1_51' title='bbox 774 2013 982 2082; x_wconf 74' lang='lat' dir='ltr'><strong>conquestus,</strong></span> <span class='ocrx_word' id='word_1_52' title='bbox 1004 2001 1146 2062; x_wconf 89' lang='lat' dir='ltr'><strong>muneri-</strong></span> 
     </span>
     <span class='ocr_line' id='line_1_11' title="bbox 97 2091 1145 2185; baseline 0.002 -24"><span class='ocrx_word' id='word_1_53' title='bbox 97 2097 151 2176; x_wconf 84' lang='lat' dir='ltr'><strong>bus,</strong></span> <span class='ocrx_word' id='word_1_54' title='bbox 163 2103 330 2185; x_wconf 76' lang='lat' dir='ltr'>precibus,</span> <span class='ocrx_word' id='word_1_55' title='bbox 355 2101 479 2176; x_wconf 79' lang='lat' dir='ltr'><strong>furore,</strong></span> <span class='ocrx_word' id='word_1_56' title='bbox 495 2097 738 2182; x_wconf 83' lang='lat' dir='ltr'><strong>minis&#39;pristini</strong></span> <span class='ocrx_word' id='word_1_57' title='bbox 757 2100 873 2162; x_wconf 82' lang='lat' dir='ltr'><strong>amoris</strong></span> <span class='ocrx_word' id='word_1_58' title='bbox 891 2097 1027 2164; x_wconf 74' lang='lat' dir='ltr'><strong>flammas</strong></span> <span class='ocrx_word' id='word_1_59' title='bbox 1042 2091 1145 2163; x_wconf 74' lang='lat' dir='ltr'><strong>iesus·</strong></span> 
     </span>
     <span class='ocr_line' id='line_1_12' title="bbox 97 2195 1147 2286; baseline 0.005 -26"><span class='ocrx_word' id='word_1_60' title='bbox 97 2199 177 2265; x_wconf 84' lang='lat' dir='ltr'><strong>eittre</strong></span> <span class='ocrx_word' id='word_1_61' title='bbox 191 2219 351 2266; x_wconf 80' lang='lat' dir='ltr'><strong>conatur.</strong></span> <span class='ocrx_word' id='word_1_62' title='bbox 374 2235 420 2278; x_wconf 92' lang='lat'><em>···.</em></span> <span class='ocrx_word' id='word_1_63' title='bbox 450 2195 501 2271; x_wconf 78' lang='lat'><strong>56.</strong></span> <span class='ocrx_word' id='word_1_64' title='bbox 519 2202 615 2278; x_wconf 88' lang='lat' dir='ltr'><strong>Tum,</strong></span> <span class='ocrx_word' id='word_1_65' title='bbox 640 2199 874 2284; x_wconf 77' lang='lat' dir='ltr'><strong>Amaryllidem</strong></span> <span class='ocrx_word' id='word_1_66' title='bbox 889 2201 1025 2286; x_wconf 84' lang='lat' dir='ltr'><strong>propius</strong></span> <span class='ocrx_word' id='word_1_67' title='bbox 1041 2225 1147 2267; x_wconf 79' lang='lat' dir='ltr'><strong>acces·</strong></span> 
     </span>
     <span class='ocr_line' id='line_1_13' title="bbox 98 2301 1146 2390; baseline 0.006 -28"><span class='ocrx_word' id='word_1_68' title='bbox 98 2323 182 2364; x_wconf 80' lang='lat' dir='ltr'><strong>sursus</strong></span> <span class='ocrx_word' id='word_1_69' title='bbox 198 2326 268 2368; x_wconf 87' lang='lat' dir='ltr'><strong>esse</strong></span> <span class='ocrx_word' id='word_1_70' title='bbox 290 2325 448 2390; x_wconf 80' lang='lat' dir='ltr'><strong>sperans,</strong></span> <span class='ocrx_word' id='word_1_71' title='bbox 472 2323 537 2388; x_wconf 90' lang='lat' dir='ltr'><strong>quo</strong></span> <span class='ocrx_word' id='word_1_72' title='bbox 557 2301 698 2365; x_wconf 78' lang='lat' dir='ltr'><strong>ssimum</strong></span> <span class='ocrx_word' id='word_1_73' title='bbox 715 2307 898 2389; x_wconf 83' lang='lat' dir='ltr'><strong>oculosque</strong></span> <span class='ocrx_word' id='word_1_74' title='bbox 918 2307 1045 2388; x_wconf 76' lang='lat' dir='ltr'><strong>puellae</strong></span> <span class='ocrx_word' id='word_1_75' title='bbox 1060 2303 1096 2366; x_wconf 89' lang='lat' dir='ltr'><strong>iu</strong></span> <span class='ocrx_word' id='word_1_76' title='bbox 1112 2327 1146 2368; x_wconf 86' lang='lat' dir='ltr'><strong>se</strong></span> 
     </span>
     <span class='ocr_line' id='line_1_14' title="bbox 97 2397 1146 2497; baseline 0.006 -33"><span class='ocrx_word' id='word_1_77' title='bbox 97 2423 264 2486; x_wconf 76' lang='lat' dir='ltr'><strong>convertet,</strong></span> <span class='ocrx_word' id='word_1_78' title='bbox 291 2428 425 2468; x_wconf 81' lang='lat' dir='ltr'><strong>carmen</strong></span> <span class='ocrx_word' id='word_1_79' title='bbox 445 2401 631 2467; x_wconf 73' lang='lat' dir='ltr'><strong>modulatur</strong></span> <span class='ocrx_word' id='word_1_80' title='bbox 648 2405 891 2484; x_wconf 75' lang='lat' dir='ltr'><strong>suevissimum,</strong></span> <span class='ocrx_word' id='word_1_81' title='bbox 913 2397 1146 2497; x_wconf 79' lang='lat' dir='ltr'><strong>hominumque</strong></span> 
     </span>
     <span class='ocr_line' id='line_1_15' title="bbox 97 2506 1147 2592; baseline -0.002 -25"><span class='ocrx_word' id='word_1_82' title='bbox 97 2508 309 2592; x_wconf 81' lang='lat' dir='ltr'><strong>entiquorum,</strong></span> <span class='ocrx_word' id='word_1_83' title='bbox 338 2529 479 2592; x_wconf 83' lang='lat' dir='ltr'><strong>quorum</strong></span> <span class='ocrx_word' id='word_1_84' title='bbox 495 2506 597 2570; x_wconf 79' lang='lat' dir='ltr'><strong>emori</strong></span> <span class='ocrx_word' id='word_1_85' title='bbox 611 2508 722 2570; x_wconf 85' lang='lat' dir='ltr'><strong>Venus</strong></span> <span class='ocrx_word' id='word_1_86' title='bbox 739 2508 875 2586; x_wconf 83' lang='lat' dir='ltr'><strong>faverit,</strong></span> <span class='ocrx_word' id='word_1_87' title='bbox 898 2507 1018 2590; x_wconf 87' lang='lat' dir='ltr'><strong>repetit</strong></span> <span class='ocrx_word' id='word_1_88' title='bbox 1029 2529 1147 2573; x_wconf 80' lang='lat' dir='ltr'><strong>memo.</strong></span> 
     </span>
     <span class='ocr_line' id='line_1_16' title="bbox 95 2607 1148 2686; baseline 0.001 -16"><span class='ocrx_word' id='word_1_89' title='bbox 95 2609 170 2672; x_wconf 74' lang='lat' dir='ltr'><strong>rium.</strong></span> <span class='ocrx_word' id='word_1_90' title='bbox 189 2646 232 2662; x_wconf 92' lang='lat'><strong>-·</strong></span> <span class='ocrx_word' id='word_1_91' title='bbox 258 2613 317 2677; x_wconf 78' lang='lat'><strong>51.</strong></span> <span class='ocrx_word' id='word_1_92' title='bbox 345 2609 509 2686; x_wconf 83' lang='lat' dir='ltr'><strong>Tandem,</strong></span> <span class='ocrx_word' id='word_1_93' title='bbox 532 2629 593 2672; x_wconf 87' lang='lat' dir='ltr'><strong>nec</strong></span> <span class='ocrx_word' id='word_1_94' title='bbox 613 2607 667 2670; x_wconf 89' lang='lat' dir='ltr'><strong>his</strong></span> <span class='ocrx_word' id='word_1_95' title='bbox 683 2608 771 2670; x_wconf 84' lang='lat' dir='ltr'><strong>illam</strong></span> <span class='ocrx_word' id='word_1_96' title='bbox 793 2609 880 2673; x_wconf 83' lang='lat' dir='ltr'><strong>flecti</strong></span> <span class='ocrx_word' id='word_1_97' title='bbox 898 2608 1057 2686; x_wconf 86' lang='lat' dir='ltr'><strong>sentiens,</strong></span> <span class='ocrx_word' id='word_1_98' title='bbox 1080 2611 1148 2671; x_wconf 85' lang='lat' dir='ltr'><strong>nni·</strong></span> 
     </span>
     <span class='ocr_line' id='line_1_17' title="bbox 95 2709 1148 2796; baseline 0.004 -24"><span class='ocrx_word' id='word_1_99' title='bbox 95 2733 166 2772; x_wconf 85' lang='lat' dir='ltr'><strong>mum</strong></span> <span class='ocrx_word' id='word_1_100' title='bbox 179 2735 314 2796; x_wconf 84' lang='lat' dir='ltr'><strong>prorsus</strong></span> <span class='ocrx_word' id='word_1_101' title='bbox 340 2709 532 2796; x_wconf 80' lang='lat' dir='ltr'><strong>despondet.</strong></span> <span class='ocrx_word' id='word_1_102' title='bbox 554 2745 596 2758; x_wconf 89' lang='lat'>-</span> <span class='ocrx_word' id='word_1_103' title='bbox 626 2712 760 2794; x_wconf 80' lang='lat' dir='ltr'><strong>Duplex</strong></span> <span class='ocrx_word' id='word_1_104' title='bbox 781 2724 830 2771; x_wconf 86' lang='lat' dir='ltr'><strong>est</strong></span> <span class='ocrx_word' id='word_1_105' title='bbox 842 2709 941 2771; x_wconf 89' lang='lat' dir='ltr'><strong>huius</strong></span> <span class='ocrx_word' id='word_1_106' title='bbox 957 2709 1071 2794; x_wconf 76' lang='lat' dir='ltr'><strong>ldyuii</strong></span> <span class='ocrx_word' id='word_1_107' title='bbox 1083 2733 1148 2776; x_wconf 85' lang='lat' dir='ltr'><strong>sce·</strong></span> 
     </span>
     <span class='ocr_line' id='line_1_18' title="bbox 95 2811 1149 2900; baseline 0.007 -30"><span class='ocrx_word' id='word_1_108' title='bbox 95 2831 143 2873; x_wconf 78' lang='lat' dir='ltr'><strong>na:</strong></span> <span class='ocrx_word' id='word_1_109' title='bbox 162 2815 250 2896; x_wconf 87' lang='lat' dir='ltr'><strong>prior</strong></span> <span class='ocrx_word' id='word_1_110' title='bbox 271 2817 351 2877; x_wconf 89' lang='lat' dir='ltr'><strong>eius</strong></span> <span class='ocrx_word' id='word_1_111' title='bbox 367 2835 442 2899; x_wconf 83' lang='lat' dir='ltr'><strong>pars</strong></span> <span class='ocrx_word' id='word_1_112' title='bbox 457 2813 542 2875; x_wconf 87' lang='lat' dir='ltr'><strong>inter</strong></span> <span class='ocrx_word' id='word_1_113' title='bbox 564 2834 676 2900; x_wconf 83' lang='lat' dir='ltr'><strong>greges</strong></span> <span class='ocrx_word' id='word_1_114' title='bbox 688 2812 826 2896; x_wconf 75' lang='lat' dir='ltr'><strong>caprarii</strong></span> <span class='ocrx_word' id='word_1_115' title='bbox 850 2811 973 2898; x_wconf 66' lang='lat' dir='ltr'><strong>egitur,</strong></span> <span class='ocrx_word' id='word_1_116' title='bbox 998 2816 1095 2876; x_wconf 78' lang='lat' dir='ltr'><strong>altera</strong></span> <span class='ocrx_word' id='word_1_117' title='bbox 1108 2813 1149 2878; x_wconf 82' lang='lat' dir='ltr'><strong>ad</strong></span> 
     </span>
     <span class='ocr_line' id='line_1_19' title="bbox 96 2913 1148 3000; baseline 0.012 -30"><span class='ocrx_word' id='word_1_118' title='bbox 96 2928 205 2976; x_wconf 72' lang='lat' dir='ltr'><strong>nomem</strong></span> <span class='ocrx_word' id='word_1_119' title='bbox 225 2913 459 2998; x_wconf 76' lang='lat' dir='ltr'><strong>Amaryllidis.</strong></span> <span class='ocrx_word' id='word_1_120' title='bbox 503 2917 623 2976; x_wconf 89' lang='lat' dir='ltr'><strong>Totum</strong></span> <span class='ocrx_word' id='word_1_121' title='bbox 644 2929 692 2976; x_wconf 87' lang='lat' dir='ltr'><strong>est</strong></span> <span class='ocrx_word' id='word_1_122' title='bbox 714 2913 909 2978; x_wconf 84' lang='lat' dir='ltr'><strong>bucolicum.</strong></span> <span class='ocrx_word' id='word_1_123' title='bbox 953 2914 1051 3000; x_wconf 86' lang='lat' dir='ltr'><strong>Quod</strong></span> <span class='ocrx_word' id='word_1_124' title='bbox 1070 2939 1148 2983; x_wconf 85' lang='lat' dir='ltr'><strong>vero</strong></span> 
     </span>
     <span class='ocr_line' id='line_1_20' title="bbox 97 3014 1149 3104; baseline 0.008 -30"><span class='ocrx_word' id='word_1_125' title='bbox 97 3037 206 3079; x_wconf 74' lang='lat' dir='ltr'><strong>scenam</strong></span> <span class='ocrx_word' id='word_1_126' title='bbox 226 3020 263 3080; x_wconf 86' lang='lat' dir='ltr'><strong>in</strong></span> <span class='ocrx_word' id='word_1_127' title='bbox 275 3014 370 3103; x_wconf 79' lang='lat' dir='ltr'><strong>egris</strong></span> <span class='ocrx_word' id='word_1_128' title='bbox 394 3035 464 3078; x_wconf 86' lang='lat' dir='ltr'><strong>esse</strong></span> <span class='ocrx_word' id='word_1_129' title='bbox 482 3015 564 3076; x_wconf 81' lang='lat' dir='ltr'><strong>circe</strong></span> <span class='ocrx_word' id='word_1_130' title='bbox 580 3016 773 3095; x_wconf 83' lang='lat' dir='ltr'><strong>Crotonem,</strong></span> <span class='ocrx_word' id='word_1_131' title='bbox 797 3029 831 3079; x_wconf 90' lang='lat' dir='ltr'><strong>et</strong></span> <span class='ocrx_word' id='word_1_132' title='bbox 844 3017 904 3078; x_wconf 87' lang='lat' dir='ltr'><strong>sub</strong></span> <span class='ocrx_word' id='word_1_133' title='bbox 928 3019 1062 3102; x_wconf 76' lang='lat' dir='ltr'><strong>caprarii</strong></span> <span class='ocrx_word' id='word_1_134' title='bbox 1076 3041 1149 3104; x_wconf 85' lang='lat' dir='ltr'><strong>per·</strong></span> 
     </span>
     <span class='ocr_line' id='line_1_21' title="bbox 40 3117 1149 3205; baseline 0.01 -31"><span class='ocrx_word' id='word_1_135' title='bbox 40 3135 41 3146; x_wconf 56' lang='lat'>¹</span> <span class='ocrx_word' id='word_1_136' title='bbox 96 3137 162 3178; x_wconf 84' lang='lat' dir='ltr'><strong>sous</strong></span> <span class='ocrx_word' id='word_1_137' title='bbox 177 3119 403 3183; x_wconf 87' lang='lat' dir='ltr'><strong>Theocritum</strong></span> <span class='ocrx_word' id='word_1_138' title='bbox 422 3121 523 3180; x_wconf 80' lang='lat' dir='ltr'><strong>latere</strong></span> <span class='ocrx_word' id='word_1_139' title='bbox 536 3119 733 3202; x_wconf 80' lang='lat' dir='ltr'><strong>pronunciet</strong></span> <span class='ocrx_word' id='word_1_140' title='bbox 746 3117 934 3182; x_wconf 75' lang='lat' dir='ltr'><strong>scholiastes</strong></span> <span class='ocrx_word' id='word_1_141' title='bbox 948 3139 1089 3205; x_wconf 77' lang='lat' dir='ltr'><strong>graecus,</strong></span> <span class='ocrx_word' id='word_1_142' title='bbox 1113 3120 1149 3185; x_wconf 90' lang='lat' dir='ltr'><strong>id</strong></span> 
     </span>
     <span class='ocr_line' id='line_1_22' title="bbox 93 3217 1150 3308; baseline 0.008 -30"><span class='ocrx_word' id='word_1_143' title='bbox 93 3223 278 3304; x_wconf 69' lang='lat' dir='ltr'><strong>argumentis</strong></span> <span class='ocrx_word' id='word_1_144' title='bbox 303 3217 442 3281; x_wconf 86' lang='lat' dir='ltr'><strong>idoneis</strong></span> <span class='ocrx_word' id='word_1_145' title='bbox 462 3217 672 3284; x_wconf 78' lang='lat' dir='ltr'><strong>demonstrari</strong></span> <span class='ocrx_word' id='word_1_146' title='bbox 693 3239 759 3282; x_wconf 84' lang='lat' dir='ltr'><strong>non</strong></span> <span class='ocrx_word' id='word_1_147' title='bbox 778 3233 894 3304; x_wconf 79' lang='lat' dir='ltr'><strong>potest.</strong></span> <span class='ocrx_word' id='word_1_148' title='bbox 916 3253 963 3281; x_wconf 72' lang='grc' dir='ltr'><strong>-ι</strong></span> <span class='ocrx_word' id='word_1_149' title='bbox 987 3221 1028 3285; x_wconf 91' lang='lat' dir='ltr'><strong>In</strong></span> <span class='ocrx_word' id='word_1_150' title='bbox 1049 3224 1150 3308; x_wconf 82' lang='lat' dir='ltr'><strong>pluri·</strong></span> 
     </span>
     <span class='ocr_line' id='line_1_23' title="bbox 92 3317 677 3408; baseline 0.003 -24"><span class='ocrx_word' id='word_1_151' title='bbox 92 3317 142 3384; x_wconf 80' lang='lat' dir='ltr'><strong>bus</strong></span> <span class='ocrx_word' id='word_1_152' title='bbox 153 3321 328 3388; x_wconf 82' lang='lat' dir='ltr'><strong>codicibus</strong></span> <span class='ocrx_word' id='word_1_153' title='bbox 354 3319 545 3384; x_wconf 70' lang='lat' dir='ltr'><strong>inscribitur</strong></span> <span class='ocrx_word' id='word_1_154' title='bbox 556 3321 677 3408; x_wconf 72' lang='grc' dir='ltr'><strong><em>Κῶμος.</em></strong></span> 
     </span>
    </p>
   </div>
   <div class='ocr_carea' id='block_1_7' title="bbox 0 0 1412 5016">
    <p class='ocr_par' dir='ltr' id='par_1_7' title="bbox 0 0 1412 5016">
     <span class='ocr_line' id='line_1_24' title="bbox 0 0 1412 5016; baseline 0 1"><span class='ocrx_word' id='word_1_155' title='bbox 0 0 1412 5016; x_wconf 95' lang='lat' dir='ltr'><strong> </strong></span> 
     </span>
    </p>
   </div>
  </div>
 </body>
</html>
