2918 5020
147 447 153 540 ζ
218 435 1056 526 'rnnocmrrrnrnoronxxu
1141 404 1222 554 ⁶77¹

122 632 274 704 lntnna.
317 629 396 698 Nou
411 629 501 696 enim
513 619 642 696 'dixerit
654 629 790 718 aliquia,
814 617 926 719 neque
942 632 1133 716 crediderit,

121 736 248 818 Virurn
260 733 834 825 vnumtantunrpecoriapoaeidere,
856 735 1195 822 nequedecemalioa,

123 837 199 926 Qui
207 835 343 924 quidem
355 837 705 926 exomnibueregibru
713 839 863 910 maxime
875 837 1051 910 abundent
1058 861 1196 928 pecore.-

119 933 181 1008 Sol
198 952 313 1006 autem
326 939 397 1008 fiiio
411 965 474 1010 suo
486 940 650 1010 eximium
667 940 732 1008 hoc
746 942 875 1008 donum
892 939 1106 1030 praebuerat,

114 1044 168 1113 ¹Vt
181 1065 304 1134 pecore
315 1043 502 1114 abundaret
516 1067 599 1133 praa
612 1044 771 1118 omnibus
785 1044 991 1122 hominibus,

117 1147 230 1233 Eique
245 1147 319 1234 ipae
337 1147 552 1220 continenter
566 1146 709 1234 augebat
721 1161 876 1214 armenta
890 1147 1007 1214 omnia

117 1248 172 1318 Ad
185 1271 379 1316 summurna
400 1272 471 1317 non
486 1251 581 1318 enim
593 1247 733 1318 morbus
749 1250 876 1316 invasit
889 1249 980 1316 iliius

115 1351 301 1432 Armenta,
323 1352 381 1438 qui
393 1353 543 1440 perdunt
554 1366 734 1442 pantorum¹
745 1351 886 1422 labores.

116 1453 262 1541 Semper
276 1455 393 1543 plures
406 1467 567 1522 armatae
579 1455 701 1538 boves,
722 1476 859 1542 semper
871 1455 1029 1524 meliorne

110 1557 173 1626 Ex
185 1577 277 1624 anno
288 1557 326 1626 in
340 1579 470 1624 annum
481 1557 726 1638 nascebanturr
748 1579 865 1624 omnea
877 1558 970 1624 enim

113 1659 219 1728 Vivoa
234 1657 512 1730 foetnemaximo
527 1683 672 1732 numero
688 1671 722 1724 et
737 1657 887 1732 femellas
901 1660 1091 1748 pariebant,
1111 1691 1114 1696 ·

116 1761 205 1828 Cum
218 1760 441 1836 illio.treccuti
454 1763 541 1830 tauri
557 1762 771 1844 incedebant,

113 1861 283 1930 Cruribua
297 1864 398 1938 albia,
421 1865 572 1934 incurvia
587 1865 763 1934 cornibus:
786 1863 921 1932 ducenti
935 1867 994 1942 alii

108 1969 213 2055 Rufi,
233 1971 294 2058 qui
308 1992 426 2036 omnes
439 1969 508 2037 iam
524 1992 642 2036 vaccae
656 1965 907 2036 inacendebant.

109 2070 182 2140 Atii
196 2095 313 2140 rurarua
326 2072 418 2143 inter
429 2073 495 2140 hos
510 2073 690 2140 duodecim
707 2069 942 2161 pascebantur,

111 2171 206 2244 Sacri
222 2173 311 2260 Soli,
333 2175 504 2266 quierant
517 2175 748 2244 coinreveluti
763 2175 874 2264 cycni,

111 2277 274 2358 Candidi,
298 2279 558 2345 etinteromnes
570 2279 676 2344 boves
689 2276 909 2359 excellebant,

106 2379 285 2468 Iidemque
292 2379 432 2449 seiuncti
440 2380 484 2446 ab
497 2390 648 2452 umento
656 2359 842 2468 pascebant¹
854 2379 1025 2450 virentem
1035 2383 1177 2462 herbam

108 2483 150 2552 In
163 2484 314 2572 paecuiar
332 2481 381 2548 ibi
394 2481 613 2550 vehementer
628 2504 689 2546 eua
702 2481 831 2552 virtute
845 2483 1054 2556 exultabant.

109 2584 297 2674 Quumque
310 2610 356 2654 ex
368 2586 477 2652 densis
492 2583 595 2652 celeri
608 2583 738 2673 impetu
753 2587 1003 2676 proveniebant
1014 2587 1108 2658 serae

107 2687 259 2780 §altssruo
272 2689 311 2760 in
324 2709 483 2784 campum
491 2737 502 2774 ,
522 2697 666 2784 propter
679 2687 785 2763 boves
801 2699 969 2782 agrester‚j

105 2863 316 2886 m

170 2951 254 3020 Sunt
268 2967 374 3016 autem
386 2952 460 3102 ἔρέα
474 2950 596 3040 νομήων
611 2955 703 3019 labor
718 2977 810 3044 qoem
825 2971 967 3041 puatorea
982 2957 1177 3042 impendunt

230 3039 410 3126 gibnatuen
437 3041 463 3102 ia
474 3055 507 3101 et
522 3039 689 3128 augendis.
711 3045 827 3104 Itieaal.
849 3045 1038 3121 „voiiooc-
1052 3043 1176 3114 αἴτ’-.

200 3130 287 3186 aulto
310 3125 414 3188 rarior
434 3125 514 3187 haee
535 3127 748 3190 constructio.
770 3129 867 3190 Hom.
888 3127 921 3190 h.
935 3129 1019 3195 Ven.
1044 3127 1175 3217 2851q.

171 3241 216 3260 -
232 3231 263 3272 v.
275 3211 410 3277 Person.
425 3210 466 3280 ad
480 3211 595 3294 Eurip.
609 3210 665 3276 Or.
682 3219 782 3300 9¹⁰·“
806 3213 939 3296 Salices.

128 3291 202 3363 125.
228 3295 296 3360 124·
318 3299 387 3361 αἰὲν
429 3317 466 3358 ro
487 3301 550 3364 aiei
571 3319 613 3359 ex
627 3299 811 3360 coniectura
835 3301 876 3365 Ia.
891 3299 1000 3362 Voaaii
1017 3297 1177 3366 dederunt

170 3379 313 3444 Brunck.
326 3317 441 3462 Volci.
457 3381 524 3442 alii.
539 3387 602 3448 uiri
617 3379 645 3447 δ’
657 3381 728 3445 cod.
745 3383 817 3445 Vnt.
838 3419 883 3436 ·-
901 3384 956 3447 Va.
976 3384 1044 3449 rui.
1058 3391 1177 3468 γίνοιτο

172 3479 236 3526 trec
253 3465 325 3527 cdd.
339 3465 425 3550 apud
435 3465 600 3528 Gaiaford.
615 3466 813 3552 quodpaene
828 3469 1042 3552 praetulerim.
1057 3473 1175 3534 Kieaal.

128 3547 201 3621 126.
228 3569 298 3632 127.
322 3551 360 3612 ln
376 3544 489 3637 ovedp’
507 3566 555 3613 eat
568 3557 782 3634 pleonasmus.
805 3554 871 3616 vid.
889 3554 1002 3617 Valcb.
1024 3555 1064 3616 ad
1078 3555 1175 3635 Idyll.

169 3637 244 3698 XX·
261 3635 314 3722 59.
330 3637 439 3700 -Vn
457 3656 527 3717 127.
549 3661 582 3720 γε
596 3641 654 3720 μὲν
664 3639 715 3704 ἄλ.
730 3661 789 3720 pro
803 3664 836 3706 ar
850 3643 908 3722 μὲν
921 3641 969 3706 dt.
988 3661 1006 3701 e
1021 3639 1092 3701 odd.
1102 3641 1176 3702 Vat.

170 3735 204 3782 ct
231 3723 319 3784 Flor.
341 3721 553 3806 [quibuscum
576 3723 704 3784 faciunt
732 3722 798 3784 duo
823 3723 910 3806 apud
933 3723 1098 3788 Gaieiord.
1121 3722 1174 3806 It]

167 3806 325 3872 Valckeu.
339 3805 448 3882 dedit3
471 3807 576 3872 recto!
598 3807 719 3869 Roiake
731 3809 873 3870 coniecit
887 3835 919 3876 τε
933 3813 1087 3892 pitulius,
1106 3808 1137 3874 h.
1147 3828 1175 3870 e·

169 3888 285 3974 μετιξῠ
305 3892 402 3959 a'r'tioc·
423 3895 523 3954 Hert
547 3893 780 3956 LH.Vosaiua
801 3894 840 3956 ad
863 3896 980 3979 virgil.
999 3895 1117 3977 Georg.
1141 3913 1174 3974 p.

110 4035 114 4040 .
168 3977 245 4044 541.
266 3975 357 4038 hunc
373 3981 484 4039 locum
513 3977 561 4038 aic
582 3978 831 4061 interpretatura
864 3978 917 4040 die
940 3979 1043 4040 Stiere
1063 3998 1175 4039 waren
1278 4038 1284 4052 ,

104 4113 107 4118 .
169 4061 268 4124 their·
281 4061 495 4148 weisabeinig
511 4061 599 4147 (di.
618 4062 741 4126 nantel
755 4059 833 4125 oder
845 4063 909 4126 reti
941 4065 997 4123 nit
1010 4062 1107 4126 weita
1122 4081 1176 4146 ge·

168 4146 304 4228 iieekt),
329 4146 427 4210 theilo
439 4167 521 4232 gana
538 4147 748 4212 umberroth.
794 4150 913 4214 Kieaal.

125 4233 189 4300 150
209 4265 254 4298 .-
277 4232 349 4304 155.
371 4229 488 4314 deitato
502 4255 576 4300 cum
589 4231 736 4324 quintine
750 4231 822 4300 odd.
834 4231 1037 4312 Brunckioar
1068 4251 1110 4294 aa
1125 4229 1177 4296 hia
