2886 5022
551 1489 1062 1572 ARGUMENTUM

612 1677 1011 1778 rnYLn1rx1n

366 1877 442 1938 Hoc
459 1865 633 1951 Idymum,
664 1857 754 1946 quod
770 1879 811 1918 au
827 1852 998 1918 Theocriti
1015 1851 1059 1914 sit
1075 1849 1228 1912 nonnulli
1243 1845 1337 1908 addu-
1383 1833 1400 1876 ¹¹

282 1983 408 2054 bisant,
438 1995 509 2035 cum
528 1963 679 2027 bucolico
701 1981 816 2047 genere
837 1957 924 2018 nihil
947 1975 1117 2017 commuue
1140 1951 1255 2027 habet,
1287 1947 1340 2011 sed

283 2101 388 2150 totum
411 2091 457 2140 est
477 2069 628 2155 lyricum.
668 2063 875 2146 Exprimitur
897 2059 933 2120 in
955 2079 994 2120 eo
1019 2053 1210 2118 tenerrimus
1226 2047 1338 2114 amoris

284 2188 416 2251 affectus
431 2178 467 2237 in
481 2193 616 2257 puerum
630 2163 798 2254 quendam,
823 2162 880 2247 qui
894 2172 970 2244 post
984 2157 1082 2220 trium
1096 2155 1221 2218 dierum
1234 2155 1340 2216 absen-

285 2291 362 2354 tiam
382 2283 418 2342 in
441 2272 592 2338 amatoris
614 2267 778 2352 amplexus
792 2262 941 2326 redierat.
962 2297 1004 2309 -
1020 2281 1050 2346 9.
1073 2249 1157 2320 Tum
1172 2269 1268 2340 poeta
1285 2277 1340 2338 op·

283 2406 348 2465 tat,
372 2399 409 2448 vt
422 2381 476 2442 hic
493 2396 582 2437 amor
593 2385 724 2434 mutuus
739 2367 782 2428 sit
802 2381 835 2427 et
851 2378 1036 2449 perpetuus.
1054 2393 1100 2410 -
1113 2357 1164 2422 26.
1186 2355 1340 2420 Oderium
1430 2397 1431 2400 η

285 2492 424 2575 denique
441 2479 594 2542 adiicitur
610 2477 645 2535 in
661 2467 903 2555 Megarensium
918 2463 1064 2536 laudern,
1094 2459 1181 2549 quod
1199 2459 1239 2520 ad
1258 2459 1341 2520 Dio·
1430 2521 1431 2534 J

283 2599 359 2669 elis,
390 2581 595 2671 paederastas
616 2577 652 2636 in
669 2575 725 2635 illa
742 2572 874 2633 civitate
898 2565 1084 2644 clarissimi,
1116 2567 1275 2640 tumulum
1290 2581 1341 2646 suff
1430 2545 1431 2640 J

280 2689 456 2762 niversarie
473 2686 657 2746 osculorum
673 2675 845 2738 certamina
861 2667 1074 2732 instituerint.
1091 2699 1136 2716 ·-
1148 2668 1188 2728 In
1205 2664 1259 2742 iis,
1284 2661 1338 2747 qui

283 2803 348 2864 hoc
377 2809 502 2856 carmen
532 2783 570 2844 ab
587 2777 766 2845 Theocrito
788 2770 994 2846 abiudioant‚
1032 2783 1081 2830 est
1106 2770 1152 2833 D.
1175 2765 1338 2842 Heinsius,
1430 2843 1431 2856 J

285 2902 378 2966 cuius
400 2895 440 2956 de
457 2889 501 2952 ¹eo
518 2887 553 2946 in
567 2885 676 2946 Lectt.
689 2876 855 2940 Theocrit.
881 2896 908 2934 c.
927 2879 972 2946 ¹8·
987 2871 1051 2934 hoc
1065 2885 1155 2934 extat
1168 2868 1340 2930 iudicium:

246 3067 250 3080 ¹
285 2997 470 3083 „Facilius,
501 2987 593 3050 cuius
615 3004 682 3045 non
704 2977 829 3044 sithoc
855 2973 1030 3058 Idyllium,
1063 2995 1163 3060 quam*
1181 2974 1274 3035 cuius
1289 2971 1338 3045 sit,

284 3101 406 3169 coniici
419 3115 515 3181 posse
531 3087 691 3153 existimo.
736 3080 908 3143 Character
921 3077 1045 3155 mollis,
1067 3082 1196 3161 planus,
1220 3073 1339 3137 suavis:

285 3230 322 3270 oc
338 3207 391 3267 vel
406 3211 578 3283 propterea
592 3210 658 3250 uon
676 3207 735 3270 pro
751 3181 928 3245 Theocrito
945 3185 1094 3240 nostro.“
1137 3179 1202 3240 Cui
1217 3176 1339 3240 iudicio

285 3303 454 3395 accessisse
474 3292 627 3359 videntur
648 3284 881 3350 Valckenarius
905 3282 955 3364 (in
978 3280 1083 3364 Epist.
1105 3281 1147 3344 ad
1166 3284 1288 3344 Riiver.
1311 3301 1341 3364 p.

283 3405 433 3479 rivus),
455 3395 651 3469 Brunckiur,
675 3389 731 3477 qui
747 3388 810 3450 hoc
827 3407 953 3447 carmen
968 3384 1082 3446 retulit
1094 3383 1130 3446 in
1146 3388 1276 3446 classem
1287 3381 1343 3449 tois

186 3542 188 3554 ·
283 3516 328 3585 εἰς
340 3501 504 3587 Θεόκριτον
525 3495 761 3580 ἀναφερομένων
783 3489 953 3573 ςίδυλλίων,
974 3501 1072 3572 etque
1089 3469 1339 3558 Bindemanirus,

285 3609 400 3698 quiin
423 3619 501 3666 nota
520 3599 559 3661 ad
581 3596 763 3660 versionem
785 3588 898 3672 Idyllii
923 3589 1133 3674 germanicam
1157 3583 1338 3660 confitetur,
1430 3581 1431 3658 j

285 3709 505 3776 diversitatem
524 3699 641 3764 coloris
658 3719 694 3758 ao
709 3694 778 3757 stili
794 3691 871 3754 viris
885 3690 992 3754 doctis
1007 3691 1122 3776 vtique
1137 3691 1189 3752 ius
1205 3690 1339 3764 dedisse,

283 3831 320 3878 vt
336 3815 382 3874 ita
395 3808 586 3870 iudicarent.
630 3793 961 3864 Eichstadtiussuam
978 3793 1170 3855 senteutiam
1186 3814 1256 3855 non
1270 3811 1341 3876 pro·

283 3911 466 3981 nunciavit.
504 3903 641 3970 Dahlius
656 3913 766 3963 contra
783 3893 937 3971 affirmas,
961 3899 1130 3956 nullamse
1144 3894 1257 3958 videre
1271 3917 1340 3956 cau·

285 4041 367 4094 sam,
400 4033 456 4076 cur
475 4006 685 4079 Theocritus,
718 4000 810 4061 cuius
834 3997 926 4082 quasi
945 3995 1075 4057 dsslcsdo
1092 4000 1196 4079 lyrica
1217 3995 1340 4059 exiliis
1430 3979 1431 4062 i

284 4112 487 4207 poematibus
504 4097 952 4191 (xv111.xxv111.xxrx.)
967 4097 1043 4158 arn
1059 4115 1222 4182 appareat,
1245 4099 1340 4161 suna
1430 4075 1431 4084 '

284 4217 433 4285 carminis
449 4227 563 4276 auctor
578 4227 646 4270 non
657 4204 823 4294 habeatur.
846 4200 885 4264 ld
899 4199 962 4262 ism
978 4215 1092 4287 quarto
1104 4223 1197 4265 aerae
1213 4217 1338 4266 nostrae
1430 4213 1431 4278 ζ
