2962 5020
351 448 648 516 THEOCRITI
682 449 953 516 IDYLLION
986 451 1065 517 XX.
1171 451 1255 522 545.

166 617 398 689 Euniccvero
410 611 481 688 eolu
494 614 1006 706 bubirlc'um‘lidn'os'culitafest,
1184 633 1191 646 '

167 721 297 810 Cybele
312 724 446 804 melior,
469 736 504 789 et
518 727 662 804 Venere,
684 735 718 790 et
730 725 837 792 Luna.

165 823 216 890 Ne
227 827 371 914 amplius
384 840 418 894 et
429 838 478 910 tu,
501 829 629 910 Venus,
650 826 816 894 amasium
832 850 942 915 neque
953 827 988 894 in
1005 827 1092 895 vrbe

165 925 286 1013 Neque
296 929 335 998 iu
349 941 467 998 monte
485 933 659 1014 oacttlerie,
680 941 715 997 et
726 931 798 998 aolu
812 943 914 1000 noctu
927 931 1084 1000 dormias.

186 1233 192 1262 ·.
233 1191 327 1276 quaei
343 1191 484 1276 diceret,
507 1207 544 1256 tu
558 1215 641 1281 quoe
662 1191 763 1258 ciltera
784 1193 847 1256 tibi
857 1193 969 1255 Venus
983 1192 1141 1272 videria.“
1172 1197 1237 1258 Ga·

233 1277 325 1340 aareb.
368 1277 460 1342 Mihi
476 1281 566 1364 prior
588 1279 704 1344 modua
725 1279 821 1342 vuice
841 1276 968 1340 admitti
984 1301 1077 1362 pocae
1093 1280 1236 1345 videtur.

233 1359 403 1426 Convenit
415 1364 503 1426 enim
521 1364 627 1429 indoli
641 1365 740 1427 buius
757 1363 870 1426 rustici
885 1365 1037 1426 amatoria
1054 1380 1086 1426 et
1100 1367 1237 1428 mirifice

231 1446 297 1508 aibi
313 1447 378 1530 ipsi
391 1449 560 1531 placentia,
584 1465 631 1529 vt,
675 1473 752 1522 uum
773 1463 901 1534 praeter
926 1449 1115 1531 opinionem
1132 1451 1237 1513 occuli

232 1538 393 1616 tepuleam
415 1535 611 1618 accepisset,
636 1475 676 1600 ad
699 1533 959 1618 deaperationem
976 1533 1116 1620 denique
1138 1534 1239 1598 addu-

234 1629 305 1678 ctuc
320 1617 385 1682 hoc
405 1618 647 1684 incommodum
661 1620 709 1682 ad
724 1621 880 1682 Venerem
901 1633 1053 1704 tanquam
1074 1635 1238 1683 auctorem

233 1703 388 1780 referret,
431 1701 575 1792 huicque
607 1706 712 1768 simile
735 1702 976 1774 incommodum
998 1704 1239 1787 imprecaretur.

235 1787 344 1850 Modo
362 1810 404 1852 ne
417 1786 469 1856 adr
480 1789 556 1856 oide'c
570 1792 728 1853 referatur
743 1789 782 1851 ad
799 1787 1004 1864 Adonidem5
1025 1813 1091 1874 quo
1105 1791 1239 1855 nomine

232 1872 346 1956 potius
362 1875 502 1956 quilibet
516 1877 663 1952 emerius,
686 1895 780 1961 quem
796 1875 906 1938 Venus
927 1873 962 1934 in
979 1874 1107 1952 deliciis
1121 1875 1240 1938 babere

234 1957 357 2039 possit,
382 1957 565 2022 denotatur.
609 1964 664 2023 De
684 1982 750 2044 quo
770 1967 829 2022 vair
853 1958 999 2035 articuli,
1024 1981 1090 2043 quo
1114 1981 1174 2044 pro
1189 1961 1239 2021 in·

202 2063 205 2094 Δ
235 2040 373 2104 delinito
401 2047 595 2128 pronomine
615 2047 698 2130 poni
720 2045 870 2118 videtur,
915 2059 1137 2128 exposuerunt
1163 2060 1241 2130 poaa

237 2127 391 2204 Woffium
412 2129 452 2192 V.
469 2131 500 2192 S.
521 2131 560 2194 ad
582 2133 693 2194 Rninii
715 2131 815 2194 libell.
838 2127 878 2190 de
900 2144 1023 2192 accent.
1042 2130 1191 2198 inclinet.
1205 2153 1240 2218 p.

236 2211 287 2313 76.
310 2215 532 2276 Buttmanuue
548 2215 585 2277 in
602 2216 776 2278 Grammat.
794 2237 839 2300 gr.
857 2219 888 2290 0.
899 2235 911 2274 1
924 2233 968 2276 ιο.
983 2234 1010 2276 2.
1026 2229 1059 2275 et
1074 2216 1242 2276 Matthiae

234 2319 271 2362 tn
287 2298 395 2361 Gram.
412 2321 457 2384 gr.
472 2307 501 2378 9.
518 2299 589 2366 266.
634 2305 742 2384 Atque
756 2300 804 2362 cic
818 2297 881 2359 hoc
896 2296 1093 2360 adiectivum
1108 2297 1140 2360 h.
1154 2303 1176 2362 l.
1190 2301 1242 2361 ia·

187 2443 213 2454 ,,
235 2383 342 2469 telligi
359 2405 474 2467 pocae,
498 2385 584 2448 vidit
598 2386 663 2455 iarn
679 2385 878 2459 Wartonuc,
903 2383 995 2444 cuiue
1009 2383 1127 2466 partim
1142 2387 1241 2447 verti·
1294 2432 1299 2443 .

236 2469 290 2554 gia
310 2489 447 2552 sequeno
463 2471 566 2532 totius
583 2471 650 2531 loci
672 2467 865 2531 sententiam
887 2472 1061 2532 aculeatum
1082 2467 1130 2528 aic
1147 2467 1242 2531 reddi

235 2573 332 2636 pocae
353 2572 486 2616 censeo:
517 2555 594 2628 „Ne
611 2555 748 2635 amplius
771 2566 803 2614 et
819 2565 873 2629 tu,
898 2573 919 2614 o
932 2552 1059 2630 Venua,
1081 2573 1189 2638 neque
1206 2554 1243 2616 iu

235 2635 327 2712 vrbe,
351 2657 455 2722 neque
469 2639 538 2700 ruri
552 2636 760 2700 delicatulum
774 2637 939 2713 amacium,
965 2657 1059 2722 quem
1073 2639 1241 2718 occulerit,

208 2783 209 2788 ,
234 2720 451 2796 nanciccaris,
473 2719 531 2784 aed
546 2727 613 2786 ecla
629 2721 806 2792 dormiae.“
848 2719 953 2783 Addit
970 2719 1036 2790 κατ’
1055 2723 1151 2800 ἄστυ,
1174 2745 1243 2787 non

237 2807 281 2869 ob
295 2805 500 2868 Adoniorum
523 2807 662 2886 fectum,
685 2807 743 2886 ced
759 2807 834 2888 quia
854 2811 962 2892 puella
986 2808 1111 2870 urbana
1137 2809 1243 2892 iprum
1321 2866 1324 2884 ,

238 2892 378 2954 osculari
401 2891 573 2978 dedignata
597 2908 654 2961 eet.
677 2929 720 2942 -
751 2894 915 2976 Wartono
941 2904 1007 2956 nori
1037 2915 1132 2959 nemo
1157 2894 1243 2968 hano

236 2992 348 3040 textus
370 2977 629 3042 emendationem
650 2979 816 3062 porrexit:
845 2982 923 3059 μηδὲ
940 2976 979 3044 roi
991 2966 1150 3062 Krinpedoc
1166 2979 1244 3046 ἁδέαι

237 3097 280 3113 -
302 3065 433 3148 φορέοις.
475 3064 643 3128 lacobeiua
665 3065 700 3126 iu
718 3062 939 3126 Animadverc.
954 3065 989 3124 in
1009 3063 1114 3148 Carra.
1133 3063 1245 3130 Theo·

237 3148 313 3212 criti
325 3171 357 3234 p.
371 3149 467 3214 XXV
478 3171 548 3235 sqq.
564 3156 671 3216 locum
687 3149 733 3212 cio
748 3147 922 3234 legendum
937 3153 1066 3214 ceneet't

339 3253 440 3338 pqqlu
451 3245 521 3319 μηδὲ
533 3246 573 3318 od,
592 3251 766 3323 Imperatr
775 3257 835 3321 vla,
853 3250 917 3308 οὕτε
929 3246 1074 3316 κατ’,ἰίστυ
1246 3271 1259 3308 c

338 3319 390 3393 pir
415 3317 445 3373 dv
463 3315 523 3386 dora
548 3317 659 3390 pallore.
701 3357 707 3374 .

239 3409 314 3472 coll.
331 3408 415 3470 Vell.
429 3406 552 3467 Patere.
568 3408 610 3468 11.
625 3403 677 3470 82.
692 3405 806 3492 ibique
819 3403 956 3468 Ruhnk.
968 3428 999 3489 p.
1010 3405 1072 3486 544
1086 3428 1124 3492 tq
1147 3453 1155 3470 .
1182 3407 1243 3472 Cu·

236 3489 311 3574 pero
333 3491 366 3552 in
388 3491 474 3574 App.
497 3490 620 3573 Apoth.
637 3491 770 3554 Homer.
788 3514 821 3576 p.
837 3491 908 3555 ¹285.
936 3492 1086 3573 Appulei.
1105 3430 1243 3556 lldetom.

239 3571 345 3661 1v.p.'
359 3575 429 3640 514.
452 3579 607 3658 Meleagr.
631 3575 745 3664 Epigr.
760 3576 850 3638 VIII.
876 3579 1012 3638 Musaeo
1030 3575 1082 3643 68.
1102 3613 1145 3630 ι-
1167 3579 1242 3639 Plu·

239 3662 318 3724 rima
335 3661 390 3726 bic
413 3661 694 3752 tentatuGraeliut,
718 3661 804 3734 nihil
815 3662 918 3742 felici,
936 3663 1067 3750 opinor,
1083 3683 1243 3730 tucceeau.

140 3747 149 3755 '
239 3748 355 3810 Kieacl.
