2938 5018
801 571 804 582 t

482 655 485 664 ¹
560 659 565 670 Ι

449 766 454 787 i

245 1025 484 1150 mounes
526 1083 686 1159 raons
729 1094 1059 1200 miserruma,

605 1233 663 1294 ΥΕ
671 1237 698 1294 L

108 1333 509 1453 evome
554 1339 1180 1496 OPVLENTIA.

160 1539 165 1548 ’
431 1521 859 1748 msiiiffiitiiv'

105 1793 240 1916 Hunc
253 1871 361 1921 senex
373 1855 539 1925 allocutus
553 1874 602 1928 est
617 1855 788 1937 cultorum
804 1889 917 1946 custos
931 1899 1059 1977 arator,

107 1951 244 2018 Omieeo
257 1979 378 2046 opere,
396 1961 486 2046 quod
500 1963 532 2028 ei
546 1963 582 2028 in
597 1969 755 2038 manibus
772 1989 862 2047 erate

103 2047 244 2122 Lubens
257 2058 336 2145 tibi,
358 2062 482 2139 amice,
506 2067 596 2152 quod
611 2071 763 2161 scitatis,
785 2081 910 2171 dicam,

101 2190 319 2234 ,Μ

211 2303 382 2372 Theocriti
405 2311 487 2375 illud
505 2335 632 2380 carmen
649 2318 859 2390 vehementer
874 2353 935 2420 ego
954 2339 1054 2404 miror
1073 2346 1176 2415 fuisse

168 2391 226 2479 qui
252 2391 292 2452 ad
318 2395 499 2478 Panyasin,
530 2405 616 2478 vel„
631 2406 719 2488 quod
743 2411 840 2474 etiam
864 2417 1091 2492 incredibilius
1114 2451 1184 2513 est„

168 2474 210 2537 ad
229 2477 421 2541 Pisandrum
443 2483 611 2546 referrent.
657 2490 927 2579 Quod‘carmen,
957 2511 1017 2570 etsi
1041 2513 1177 2582 Valcke-

166 2560 261 2620 nerio
281 2561 515 2629 alienissimum
528 2567 567 2629 ab
585 2569 906 2666 Theocritiingenio
923 2591 1024 2656 visum
1040 2614 1098 2675 eet,
1122 2625 1176 2667 ve-

100 2639 105 2647 '
166 2663 239 2704 reor
256 2657 362 2708 tamen
385 2671 427 2710 ne
446 2649 480 2712 id
505 2668 675 2736 propterea
696 2663 835 2726 maxime
863 2671 910 2732 sic
931 2675 1035 2740 videri
1059 2689 1181 2768 possit,

165 2727 274 2812 quod,
305 2745 341 2792 vt
356 2730 441 2796 idem
458 2735 691 2804 Valckenarius
709 2751 820 2827 pulcre
841 2753 1024 2838 intellexit,
1057 2771 1175 2858 ubique

164 2814 341 2877 manifesta
361 2833 412 2878 est
428 2821 570 2884 imitatio
587 2824 731 2890 Homeri.
764 2831 872 2916 Quare
893 2847 1042 2926 equidem
1063 2878 1174 2940 quern·

163 2897 339 2961 tldmodum
373 2903 430 2965 ills
460 2903 729 2977 dissimilitudine
765 2936 963 2992 caeterorum
1003 2936 1173 3006 Theocriti
1233 3008 1236 3016 ,

161 2985 359 3064 carminum,
384 3010 466 3074 quse
482 3012 523 3054 ne
541 3009 590 3054 est
606 2995 739 3078 quidem
756 3017 862 3083 tanta,
887 3014 915 3072 si
935 3038 1170 3107 comparentur,

160 3090 243 3155 quae
261 3069 368 3133 minus
391 3075 431 3134 ab
452 3076 547 3160 cpico
572 3101 690 3164 genere
713 3089 870 3156 recedunt
893 3099 1035 3166 eiusdem
1053 3127 1170 3190 poetae
1266 3153 1270 3160 ·

158 3155 295 3236 scripta,
327 3178 394 3218 non
418 3166 556 3225 multum
579 3187 730 3246 moveor,
760 3177 806 3235 ita
825 3180 984 3250 Wartono
1009 3207 1041 3251 vt
1062 3215 1170 3259 assen-

151 3238 243 3322 ¹tier,
274 3241 332 3326 qui
348 3241 573 3329 dignissimum
596 3248 661 3312 hoc
683 3275 809 3320 carmen
833 3265 1011 3336 Theocrito
1032 3299 1099 3344 esse
1118 3283 1170 3344 iu-

161 3321 266 3399 dicat,
306 3325 362 3388 has
384 3331 523 3394 maxime
549 3355 673 3398 caussas
700 3339 820 3424 habeo,
861 3355 949 3434 quod
980 3381 1046 3422 non
1069 3367 1181 3430 modo¹

159 3406 331 3552 prosodiae
355 3415 439 3477 ratio
458 3395 613 3481 hucolico
628 3427 740 3506 generi
754 3434 889 3516 propior
905 3455 972 3519 est,
1002 3447 1056 3508 sed
1073 3473 1169 3535 quae-

185 3514 233 3552 am
256 3493 353 3556 etiam
376 3521 394 3559 a
415 3502 571 3584 scriptore
590 3504 654 3568 isto
673 3531 824 3594 usurpata
842 3537 950 3601 sunt,
968 3551 1049 3613 quae
1064 3537 1169 3618 epicis

98 3575 101 3580 '
159 3575 286 3663 ignota,
312 3583 389 3644 solis
404 3585 473 3648 fere
488 3610 640 3650 concessa
656 3611 746 3658 erant
764 3605 872 3682 poetis
891 3607 1067 3680 bucolicis:
1101 3627 1168 3682 vel·

99 3669 101 3676 ⁴
159 3663 229 3738 uti,
263 3669 370 3733 θέλειν
391 3690 422 3732 V.
438 3669 488 3738 55.
513 3673 565 3752 οὑξ
584 3673 752 3756 Ἔλίκηθιν
769 3706 799 3747 v.
825 3688 890 3754 ¹80·
906 3703 976 3762 noti
998 3705 1118 3770 rutilior
1135 3727 1166 3767 v,

158 3743 209 3810 84.
231 3749 405 3835 ruodperto,-
424 3775 454 3816 v.
482 3753 552 3821 263.
576 3757 634 3827 cide
647 3763 702 3824 tto
727 3788 758 3829 v.
780 3792 826 3832 ιι.
848 3775 892 3840 ι4.
913 3781 977 3848 larse
995 3809 1026 3846 v.
1042 3786 1093 3852 55.
1113 3789 1166 3854 54.

157 3835 364 3900 Hermam
377 3837 416 3901 ad
433 3839 577 3924 Orphica
597 3869 629 3930 p.
647 3847 701 3934 69·
727 3873 772 3938 sq.
789 3856 1021 3930 addeeundem
1047 3892 1078 3953 p.
1094 3872 1166 3952 758.

98 3932 102 3942 ·
157 3915 215 3980 vbi
234 3937 381 3984 recenset
402 3928 622 4012 correptiones
641 3949 718 3998 ante
738 3955 860 4006 mutam
885 3969 958 4012 cum
978 3955 1105 4036 liquida
1129 3958 1165 4019 in

156 3999 222 4064 h'oc
238 4007 381 4086 carmine
397 4010 519 4073 obvias.
561 4019 679 4078 Kiessl.

100 4089 135 4147 '1
155 4121 199 4138 -
219 4089 250 4156 δ’.
274 4091 312 4152 In
332 4093 407 4155 Ald.
426 4112 475 4157 est
494 4101 579 4180 βοῶν
601 4103 743 4188 ἐπίουρος
765 4107 921 4200 ἄροτρεύς·
941 4121 984 4188 in¹
998 4121 1165 4189 codicibus

155 4171 315 4239 Vaticano
345 4195 378 4242 et
397 4181 609 4266 Florentino,
650 4187 841 4284 duobusque
861 4204 933 4266 aliis
963 4207 1048 4289 apud
1074 4211 1165 4274 Gais-

155 4256 240 4326 fotd.
262 4263 370 4347 piscis
389 4269 534 4358 irtlovpoc
552 4268 710 4432 oiporpm'px·¹
725 4303 813 4433 puae
833 4289 932 4352 lectio
950 4291 1164 4362 Valckenario
