2886 5022
357 1094 952 1208 AITES.

459 1317 730 1382 lDYLLION
772 1319 860 1382 XII.

129 1473 303 1604 Venisti,
325 1543 402 1588 core
415 1543 520 1610 puer,
542 1521 678 1588 tertiam
690 1535 772 1612 post
784 1539 921 1592 noctem
937 1538 973 1592 et
985 1550 1158 1612 auroram,

128 1625 281 1698 Venisti?
303 1625 361 1712 qui
379 1624 543 1690 desiderio
560 1625 722 1711 flagrant,
745 1648 814 1692 vno
829 1627 883 1693 die
896 1641 1081 1697 senescunt.

129 1731 267 1822 Quanto
281 1749 343 1794 ver
358 1726 488 1810 hicme,
511 1739 638 1814 quanto
654 1728 781 1795 malum
798 1753 912 1818 pruno
1017 1787 1019 1792 ,

128 1831 288 1912 suavius,
311 1840 438 1914 quanto
453 1829 526 1894 ovis
541 1853 603 1895 suo
618 1850 705 1916 agno
723 1831 872 1898 villosior
887 1845 948 1917 est,

128 1937 267 2028 Quanto
281 1933 374 2015 virgo
387 1943 535 2019 praestat
548 1944 599 1999 ter
611 1944 737 2022 nuptae
749 1933 892 2018 mulieri,

127 2041 267 2132 Quanto
279 2035 428 2104 velocior
442 2035 550 2103 vitulo
565 2035 745 2122 hinnulus,
767 2049 931 2127 quantum
943 2039 1089 2107 luscinia

125 2207 335 2232 *un—-

187 2296 255 2358 siut
284 2319 356 2359 cum
376 2296 569 2364 casaubono
590 2300 706 2362 melius
735 2301 862 2386 signum
886 2300 1120 2386 interrogandi.
1142 2333 1184 2352 ι-

188 2385 273 2469 τρίτῃ
296 2380 354 2449 σὼ
376 2397 437 2445 etc.
460 2383 492 2447 h.
509 2406 537 2447 e.
553 2399 629 2466 post
645 2399 709 2446 tres
724 2387 800 2446 dies.
815 2383 922 2470 (Pind.
940 2385 1037 2468 Pyth.
1054 2387 1113 2448 XI.
1135 2407 1183 2468 17.

188 2469 332 2548 κελαὸἧτε
347 2467 427 2552 ἄκρᾳ
436 2468 499 2569 otiu
514 2471 654 2556 ἑσπέρᾳ.)
682 2473 780 2532 Harl.
804 2470 1005 2532 Sententiam
1024 2471 1104 2532 citet
1117 2471 1183 2532 Eu·

185 2576 283 2638 ctath.
307 2575 426 2660 Odyss.
444 2585 474 2642 t.
496 2597 527 2660 Ρ.
547 2575 641 2664 1679,
668 2575 870 2662 uo.=427‚
896 2596 946 2642 21.
956 2559 992 2642 ἶ.
1009 2575 1109 2654 1867,
1132 2575 1184 2662 57.

185 2687 230 2720 =
246 2678 326 2742 700,
350 2683 380 2744 7.
423 2663 543 2724 Kiocel.
1072 2673 1078 2701 ³

145 2779 176 2828 2·
198 2765 231 2830 ἐν
244 2763 338 2846 ἤματι
349 2759 575 2849 γηράσκουσιν]
595 2761 726 2824 suavius
747 2761 867 2825 cecinit
881 2761 1075 2826 Theocritus
1090 2783 1184 2848 quam

188 2849 384 2934 virgitEcl.
399 2849 474 2916 VII.
489 2846 541 2912 43.
554 2851 585 2911 ci
599 2849 681 2910 milti
693 2849 840 2910 noisiaco
853 2849 909 2910 lue
924 2862 990 2911 toto
999 2853 1044 2910 sit
1058 2851 1185 2932 longior

188 2955 282 2995 amco.
306 2933 464 3018 Compare
485 2933 757 3020 elegantissimum
779 2955 957 2996 sermonem
978 2955 1058 2995 anus
1079 2933 1183 2994 cuius·

189 3018 261 3081 dam
283 3033 316 3080 et
334 3018 436 3102 lepidi
453 3019 581 3080 iuvenis
602 3017 687 3102 apud
703 3017 912 3102 Aristophnn.
936 3019 972 3079 in
985 3019 1083 3081 Pluto
1097 3037 1180 3081 vert.

190 3101 282 3170 1044.
299 3125 346 3190 sq.
362 3106 462 3165 Harl.
483 3102 671 3166 Athenaeus
692 3125 725 3188 Ρ.
741 3103 793 3170 50.
814 3103 855 3165 Α.
870 3124 912 3166 ex
933 3125 978 3166 vt.
996 3101 1024 3170 5.
1038 3109 1069 3168 4.
1083 3105 1181 3186 μῆλον

186 3205 220 3253 et
232 3189 319 3269 ἥδιον
335 3188 425 3250 citet.
469 3189 586 3248 Kiessl.

147 3293 177 3361 4.
199 3291 322 3376 operio.
336 3288 369 3350 lt.
377 3310 405 3351 e.
420 3287 475 3366 τῆς
489 3292 580 3366 ἰδίας,
596 3292 651 3349 mi
665 3291 756 3370 agni,
779 3311 873 3435 sptem
889 3289 1016 3375 peperit
1030 3303 1063 3353 et
1075 3293 1181 3351 lactat.

190 3379 257 3462 [De
273 3377 420 3460 σ’φέτερος
440 3379 540 3436 multa
562 3373 695 3458 collegit
712 3375 787 3436 Fiso
814 3397 856 3437 cr.
882 3374 923 3436 od
937 3377 1071 3438 Wcllcr.
1086 3375 1130 3437 11.
1146 3395 1179 3458 p.

188 3461 262 3547 257.
278 3484 325 3547 eq.
339 3464 395 3536 K.]
417 3458 546 3521 Dubito
555 3458 669 3544 igitur,
690 3479 729 3520 en
747 3481 820 3521 cum
836 3458 1094 3538 Hemsterhusio,
1131 3480 1179 3520 ro·

188 3549 289 3610 bento
304 3542 706 3631 quidemVulcltensrioad
722 3543 818 3628 Idyll.
834 3545 893 3606 XI.
911 3563 975 3622 20„
990 3480 1181 3606 mutantium

188 3635 232 3695 sit
254 3631 290 3692 in
309 3631 431 3715 φωρῆς.
453 3628 535 3693 cod.
555 3625 670 3696 ottob.
689 3631 747 3714 qui
768 3629 923 3694 dorismos
943 3643 1067 3692 servet:
1094 3631 1181 3696 tom

190 3754 234 3766 -
247 3718 396 3802 σφετέρας
407 3713 540 3799 (Schell.
554 3716 706 3802 σφετέρω)
722 3719 898 3801 toeocoupoe.
932 3717 1031 3786 Harl.

148 3821 179 3889 6,
200 3815 401 3906 ἐλαφρότερος
422 3813 493 3878 cdd.
509 3815 621 3879 ottob.
638 3817 779 3880 Gothan.
800 3832 834 3882 ct
847 3815 918 3881 edd.
933 3831 1063 3880 vess-
1074 3812 1184 3900 νεβρὸς

190 3909 287 3972 etiam
302 3902 398 3985 Idyll.
413 3902 505 3963 x111.
519 3897 570 3966 62.
590 3923 707 3987 genere
721 3901 834 3964 femin.
851 3902 993 3978 dicitur,
1015 3901 1184 3964 Reiskius·

192 4013 257 4079 que
272 4001 397 4064 censet,
420 3986 483 4048 hoc
500 3985 572 4068 ipso
585 3991 659 4048 loco
671 4007 744 4065 cos,
769 3985 826 4071 qui
841 4003 952 4049 nostro
965 3993 1037 4048 loco
1057 3985 1183 4046 femini·

190 4099 269 4140 num
294 4072 516 4142 adsciverunt,
548 4086 655 4134 motos
679 4093 756 4134 esse.
776 4069 936 4160 -μόσχω
959 4071 1032 4134 edd.
1051 4085 1186 4132 veteres.

192 4155 397 4226 -Notunda
413 4155 666 4230 similitudinum
674 4161 886 4224 coacervatio.
928 4157 1026 4221 Harl.
1043 4185 1046 4192 ·
