2872 5018
293 433 598 512 rnnocrnrr
626 441 906 512 mianton
936 449 999 524 vr.
1121 455 1181 544 139
1222 535 1224 540 ,

523 617 770 686 DAPHNIS.

107 711 310 796 Peucetii,
337 717 567 808 Polypheme,
597 743 731 810 gregem
755 721 894 788 Galatea

107 818 228 899 Malis,
258 820 438 908 torpidum
459 823 499 888 ad
523 845 674 890 amorem
698 823 888 912 caprarium
914 847 1053 894 vocans:

105 921 227 1009 Atque
243 933 282 987 tu
298 947 374 990 eam
388 948 457 990 non
472 927 627 1014 adspicis,
649 925 762 1007 miser,
784 927 900 1012 miser,
922 929 979 994 sed
992 932 1096 997 sedes

107 1021 272 1089 Suaviter
286 1024 401 1092 fistula
416 1039 562 1094 cantans.
608 1032 733 1096 lterum
748 1031 816 1112 illa,
840 1053 893 1110 en,
916 1055 1033 1100 canem
1048 1037 1147 1122 petit,

1 1217 2 1220 Ἴ
109 1127 215 1214 Quae
232 1140 264 1192 te
278 1128 432 1214 sequitur
445 1130 563 1198 ovium
580 1145 709 1200 custoss
733 1155 818 1222 quae
834 1135 933 1200 latrat

106 1230 152 1294 ln
169 1251 264 1294 mare
277 1245 512 1319 prospectans,
537 1258 680 1324 eamque
699 1236 809 1324 pulcri
823 1237 943 1304 lluotus
958 1239 1140 1306 ostendunt

106 1331 253 1399 Leniter
275 1348 530 1404 murmurantes
552 1363 614 1430 per
639 1339 719 1406 litus
748 1353 952 1407 currentem.

112 1523 328 1544 m

180 1633 321 1696 Becltius
344 1633 379 1695 in
395 1635 575 1698 Comment.
587 1635 631 1699 'de
655 1637 924 1723 interpretatione
946 1631 1091 1702 veterum
1106 1640 1182 1700 scri-

181 1734 265 1802 ptor.
280 1743 311 1803 p.
327 1719 514 1784 LXXVIII.
531 1723 697 1786 verissime
719 1726 863 1786 monuit:
899 1727 1002 1803 „Nou
1022 1746 1093 1784 raro
1109 1747 1182 1806 pro·

182 1804 307 1888 positae
337 1818 453 1868 sunta
478 1807 611 1870 Criticis
638 1809 868 1872 vocabulorum
901 1809 1183 1892 transpositiones,

184 1910 264 1973 quae
279 1906 447 1974 utcunque
463 1892 649 1975 speciosae,
682 1908 788 1956 tamen
814 1895 860 1956 ita
878 1908 1077 1978 comparatae
1094 1908 1180 1971 sunt,

183 1989 219 2036 rt
242 1991 329 2036 certe
348 1975 419 2037 sine
441 1975 607 2038 codicibus
623 2001 675 2040 eas
696 1981 857 2063 praeferre
880 1977 1015 2042 lectioni
1033 1983 1183 2064 vulgatae

183 2057 395 2120 dubitandum
420 2059 500 2124 sit.“
542 2067 693 2149 cvplcdur
715 2086 755 2126 ex
777 2085 842 2126 vno
864 2063 935 2126 cod.
959 2063 1105 2125 dedimus
1120 2085 1181 2148 pro

184 2149 346 2227 συρίσδων.
388 2145 507 2210 Kiessl.

143 2249 193 2296 ιο.
216 2231 237 2294 ἃ
251 2238 300 2298 alr
315 2230 459 2295 Brunclt.
472 2267 512 2282 -··
527 2217 652 2318 derideas
665 2235 796 2318 proprie
812 2233 851 2297 de
867 2235 1008 2308 catellis3
1033 2231 1181 2296 v.Sclaol.

183 2315 246 2379 hoc
259 2315 394 2378 verbum
409 2337 449 2377 ex
463 2315 525 2380 lsoc
539 2341 633 2382 versu
654 2321 733 2380 citat
749 2319 941 2381 Eustatlsius
959 2317 1000 2380 ad
1014 2316 1134 2402 Odyaq.
1149 2346 1183 2383 π.

183 2399 324 2489 Ρ.1749,
346 2399 544 2488 40.==529,
575 2427 604 2476 7.
647 2403 744 2467 Harl.

144 2505 192 2552 ιι.
219 2505 265 2550 12.
287 2491 407 2571 quires,
430 2487 517 2574 quod
533 2489 566 2548 in
588 2490 738 2552 omnibus
759 2487 851 2552 libris
872 2503 935 2566 eat,
960 2509 1026 2550 non
1047 2507 1181 2570 sperno:

183 2595 257 2633 nam
271 2591 411 2647 causam,
424 2595 480 2633 cur
496 2575 586 2634 canis
598 2580 705 2650 latret,
725 2597 845 2657 curque
861 2573 1013 2638 versut&
1028 2571 1182 2654 Daphnis

183 2672 295 2720 caveat
317 2661 463 2740 puellae,
494 2673 631 2720 venuste
652 2674 836 2743 morataque
859 2657 1003 2732 indicat,
1032 2655 1184 2739 idemque

183 2743 336 2825 Toupius
357 2743 479 2804 retinet
500 2742 665 2828 corrigens
689 2742 820 2826 quidem
840 2763 912 2804 cum
935 2739 1182 2804 Hemsterhusio

182 2829 225 2910 τᾷ
236 2849 296 2910 pro
310 2825 350 2892 rai
362 2829 414 2906 δέ,
435 2843 472 2890 vt
487 2829 575 2890 canis
588 2834 707 2890 latrans
726 2829 761 2888 in
778 2848 864 2888 mare
903 2841 1085 2908 respectare
1099 2824 1184 2887 dica·

184 2928 254 2990 tur,
278 2935 343 2994 qna
355 2926 450 2994 parte
465 2913 628 2976 Galateam
643 2911 759 2976 fluctus
775 2849 961 2975 ostendunt.
1007 2909 1183 2972 Enimvero

184 2997 420 3084 ltuefrigidum
441 3019 510 3060 esse
524 2997 671 3075 videtur,
697 3001 850 3082 quoniam
872 3017 920 3056 res
936 2997 1030 3058 aliter
1045 2995 1183 3080 cogitari

185 3105 251 3144 non
266 3098 386 3166 potest.
430 3083 560 3144 Reiskii
580 3084 814 3160 coniecturam,
837 3086 956 3166 ῥαίνει.
978 3082 1183 3162 adspergunt,

186 3169 414 3250 madefaciunt
427 3171 520 3230 Hlam
534 3169 644 3242 undae,
666 3170 732 3232 vim
746 3169 908 3252 poeticam
924 3166 1044 3227 minuit
1061 3164 1183 3247 potius,

187 3273 280 3336 quam
298 3251 443 3316 adiuvat.
467 3254 657 3340 Elegantior
673 3269 784 3316 contra
800 3268 832 3316 et
846 3251 1014 3337 ingeniosa
1031 3251 1184 3312 estHem·

187 3337 340 3399 sterhusii
361 3340 519 3401 correctio
537 3340 575 3421 τᾷ
595 3371 639 3388 -
660 3345 758 3406 σαίνει
779 3337 889 3426 (quam
904 3335 1047 3398 Brunclr.
1065 3333 1109 3394 ita
1130 3333 1171 3394 ad

188 3420 301 3498 scivit,
325 3439 363 3484 vt
384 3424 540 3486 retineret
557 3421 597 3489 roi
618 3427 695 3506 ds'):'
714 3425 790 3484 dum
809 3426 902 3483 canis
918 3421 1101 3481 adlatrarst
1114 3419 1185 3480 Ga-

189 3508 306 3567 lateam
312 3553 323 3581 ,
346 3509 477 3585 fluctus
491 3507 611 3570 m'nrim'
626 3514 661 3570 in
675 3513 781 3570 littore
795 3519 967 3568 currentem
981 3504 1184 3565 adserebant.

188 3591 376 3654 Vberiorem
398 3593 497 3654 huius
521 3596 730 3658 correctionis
749 3592 975 3678 probationem
998 3588 1075 3652 vide
1099 3587 1186 3681 apud

189 3677 455 3754 Valckenarium,
492 3679 527 3739 in
556 3683 655 3742 altera
684 3679 829 3742 editione
857 3681 957 3743 enlm
984 3674 1185 3758 probantem·

190 3760 276 3823 Idem
288 3763 554 3826 Hemsterhusius
576 3765 612 3825 in
627 3787 720 3828 versu
735 3762 884 3847 sequenti
907 3758 1049 3822 correxit
1067 3755 1187 3840 καχλά-

191 3849 288 3924 ζοηος
304 3848 413 3934 (quod
423 3848 593 3911 inventum
608 3851 644 3930 in
658 3849 735 3912 edit.
748 3851 833 3910 Flor.
847 3846 1085 3930 probatumque
1098 3846 1186 3908 Tou·

189 3932 244 4014 pio
265 3932 500 3996 Valckenarius
520 3935 556 3996 in
577 3941 675 3998 altera
696 3934 774 3996 edit.
790 3953 862 3994 rece
888 3930 946 4010 it),
978 3943 1014 3990 vt
1038 3930 1187 4073 ols’psoeloio

190 4015 379 4080 adiunctum
393 4017 511 4082 habeat
525 4019 675 4098 verbum,
700 4017 787 4102 quod
802 4016 842 4078 ad
858 3954 973 4078 ductus
987 4012 1026 4072 ab
1043 4013 1053 4070 i
1082 4011 1187 4073 isionc

190 4119 340 4165 sonantes
361 4105 495 4188 proprie
515 4107 694 4188 pertineat,
720 4101 775 4164 sed
790 4122 877 4164 more
892 4097 1035 4183 poetico.
1078 4097 1190 4176 Atque

189 4207 257 4250 non
276 4195 416 4252 multum
444 4187 567 4272 abfuit,
599 4191 679 4278 quin
706 4189 790 4251 hano
809 4191 987 4272 elegantem
1015 4181 1187 4244 lectionem
