2886 5022
270 441 332 514 566
388 409 739 516 ‘euorrrror
773 389 1092 512 erarearorr
1128 433 1177 511 ιο.

267 617 322 696 X
339 617 457 720 ἅφθη·
482 617 737 714 adpropincaset
754 611 816 690 oirt’
831 611 945 697 αὐτοῖς
960 614 1020 689 καὶ
1035 610 1167 708 λύχνον
1183 615 1307 714 eistete

270 721 374 798 Ἐντλ
391 719 524 812 Λύκος,
551 716 671 801 Λύκος
689 721 779 809 ἐντί,
804 713 920 813 Aristo
935 720 989 791 roi
1004 720 1164 812 γείτονος
1177 717 1268 814 υἱός,

270 821 456 925 Ειῖμοέκης,
484 819 634 912 ἁπαλός,
660 830 803 904 πολλοῖς
832 823 962 896 δοκέων
979 816 1086 904 καλδς
1102 820 1204 920 ἦμεν.
1285 829 1331 900 st

276 925 403 1004 Totiens
420 923 487 1004 τόν
503 921 679 1021 κλύμινον
693 920 913 1000 sacerrimo
932 926 1043 1023 τῆνον
1062 929 1191 1026 ἔρωτα.
1254 927 1258 942 ”

337 1185 523 1251 ekenarium
543 1185 701 1270 suspicor.
743 1185 917 1248 Piersonut
941 1185 1100 1261 coniecit,
1131 1181 1224 1251 λύκον
1245 1188 1331 1265 εἶδες,

337 1273 459 1349 ἔπαιξα,
483 1279 529 1348 τῖς
545 1273 587 1348 οἷς
608 1269 703 1354 οοφύς
722 1271 815 1337 εἶπεν.
861 1269 1052 1345 Koehlerua,
1076 1286 1251 1352 praeeunte
1266 1295 1335 1355 par·

337 1358 398 1433 tim
413 1356 608 1429 Scholiatte,
631 1363 739 1419 locum
754 1355 799 1417 ite
815 1357 911 1442 legit,
937 1355 1113 1440 distinguit
1130 1371 1164 1418 et
1179 1357 1336 1440 interpre-

337 1457 440 1506 tetur:
464 1440 557 1508 λύκον
571 1443 667 1520 ελοες;
687 1441 868 1519 ἕαακξέτκς,
891 1441 934 1518 οἷς
949 1437 1064 1522 coede!
1085 1442 1180 1508 εἶπεν·
1209 1463 1276 1503 raon
1289 1445 1336 1504 lo·

338 1530 469 1609 queris?
490 1531 579 1602 dien
602 1551 645 1590 art
658 1529 767 1608 lupum
782 1527 921 1588 vidisti?
948 1531 1028 1586 Τανιι
1046 1529 1125 1586 illa.-
1148 1531 1277 1587 iocatus
1291 1541 1337 1588 eet

326 1633 401 1672 aton
424 1637 528 1687 nemo,
552 1637 649 1694 quam
670 1615 766 1672 reite!
796 1634 893 1694 quam
912 1614 1089 1693 eleganter!
1117 1609 1229 1675 Valck.
1246 1610 1338 1675 dedit

338 1700 429 1775 εἰπῆν
443 1705 533 1780 (οιιιιι
547 1697 729 1778 Bruncltio)
752 1730 793 1746 -
815 1695 871 1762 tIr’
885 1696 951 1781 ἔχεν
969 1695 999 1779 μ’
1015 1694 1130 1771 ἐδόκεον
1145 1699 1240 1789 κρύη
1266 1720 1336 1758 nan

337 1785 417 1860 νῶι,
443 1783 530 1868 quod
546 1782 677 1844 Brunclt
700 1805 740 1843 ex
755 1803 820 1844 vno
844 1781 914 1844 cod.
929 1783 1101 1864 praetulit,
1124 1783 1269 1866 recipere
1290 1804 1336 1844 re·

306 1921 311 1934 .
339 1871 473 1930 cutavit.
500 1871 591 1927 Harl.
635 1869 863 1949 ImperFectum
887 1867 999 1942 ἐδόκεις
1022 1865 1077 1928 hic
1096 1865 1337 1930 incommodum

338 1968 405 2028 est,
431 1975 526 2036 quare
539 1953 711 2034 pristinam
725 1951 899 2014 lectionem
920 1951 1052 2014 retinui.
1075 1955 1192 2013 Kieeel.
1236 1951 1337 2028 „Can

313 2093 316 2103 .
337 2061 412 2101 men
428 2039 516 2100 XIV.
532 2053 564 2098 et
578 2037 649 2100 XV.
665 2034 843 2118 παράλληλα
868 2051 962 2112 tunt,
987 2051 1157 2120 vtrumque
1175 2037 1216 2098 ad
1232 2037 1336 2098 imita·

340 2124 465 2185 tionem
488 2123 656 2184 mimorum
672 2121 853 2204 Sophronis
874 2123 1012 2198 factum,
1037 2127 1172 2182 alterum
1196 2121 1238 2184 ad
1261 2121 1336 2183 viri·

338 2209 434 2284 lium,
457 2211 591 2268 alterum
617 2206 657 2267 ed
681 2205 898 2268 muliebrium.
941 2207 1044 2268 Vtin
1061 2207 1132 2270 XV.
1150 2207 1196 2268 ita
1214 2207 1251 2267 in
1275 2205 1336 2267 hoc

340 2315 470 2439 quoque
485 2292 592 2354 omniu
607 2297 701 2374 plena
717 2305 794 2352 sunt
804 2291 1060 2373 proverbiorum.
1094 2291 1182 2354 Hine
1197 2290 1335 2353 scriben-

363 2403 415 2438 um
433 2394 530 2460 puto:
553 2376 590 2443 oo'
606 2379 725 2466 φθιγξῇ
731 2399 743 2453 3
765 2375 856 2443 λύκον
877 2380 975 2454 εἶδες,
997 2377 1106 2456 ductii
1116 2403 1178 2454 τις,
1202 2373 1335 2460 ᾥοοφύς

339 2465 435 2530 εἶπεν.
478 2463 543 2523 Hic
560 2459 625 2522 duo
643 2477 718 2522 sunt
733 2461 922 2545 proverbia:
948 2485 1056 2538 vnum,
1081 2460 1172 2529 λύκον
1187 2463 1277 2538 εἶδες,
1299 2459 1336 2522 ἆο

339 2549 424 2624 hir,¹
447 2547 503 2631 qui
520 2551 600 2648 lupo
624 2563 756 2630 tepente
774 2547 846 2608 viso
861 2569 938 2629 prae
958 2562 1079 2609 terrore
1093 2547 1335 2624 obmutescunt3

339 2641 492 2708 alterum,
517 2659 613 2717 τούτῳ
630 2631 724 2718 σοφύς
743 2635 846 2708 εἶπεν,
869 2634 946 2693 tute
962 2655 1026 2693 rem
1040 2635 1203 2694 indicavit
1219 2633 1337 2713 aliquis

340 2723 480 2800 rapient,
498 2717 537 2778 de
551 2717 614 2794 his,
633 2719 700 2800 qui,
717 2717 806 2801 quod
821 2717 903 2780 bene
919 2722 1056 2780 celatum
1070 2715 1271 2795 credebatur,
1293 2737 1337 2776 re·

262 2797 266 2807 ⁴
339 2805 516 2867 sciverunt.
561 2803 634 2864 Hoc
649 2803 751 2886 igitur
772 2801 870 2864 dicit:
895 2801 1031 2886 aliquit,
1056 2802 1113 2888 qui
1134 2802 1247 2864 nescio
1262 2821 1336 2905 quo·

342 2887 439 2950 modo
455 2888 627 2949 resciverat
642 2889 771 2968 Lycum
797 2887 836 2947 ab
854 2889 912 2948 illa
938 2889 1053 2962 amari,
1077 2885 1227 2964 ludebat,
1251 2895 1338 2955 λυκον

340 2975 455 3049 closed}
478 2977 653 3032 Hermann.
675 2971 764 3033 Mihi
780 2973 1130 3049 tamen,lectionenon
1142 2969 1337 3047 mutata,ad·

340 3058 406 3120 huo
425 3056 634 3140 praeferende
656 3055 786 3118 videtur
806 3057 983 3140 explicatio
998 3056 1193 3133 Cetauboni,
1220 3057 1279 3141 qui
1294 3055 1337 3116 tic

342 3143 382 3204 de
397 3143 460 3204 boo
476 3147 568 3202 loco:
593 3143 702 3218 „Sunt
721 3141 831 3225 priora
847 3142 942 3203 verba
961 3143 1159 3204 Aeschines:
1181 3141 1339 3226 posterio-

340 3251 374 3290 ra
392 3225 487 3288 vuius
503 3247 520 3288 e
534 3228 700 3303 convivia,
724 3227 780 3313 qui
797 3225 970 3309 Cynisoam
993 3229 1172 3314 alloquitur
1192 3225 1339 3288 conscius

342 3312 412 3376 eiua
427 3334 500 3396 erga
517 3313 643 3394 Lycum
658 3312 785 3375 amoris.
808 3312 927 3375 Sensus
940 3328 1003 3375 est:
1027 3316 1167 3373 Tacente
1184 3309 1338 3394 Cymisce,
1432 3365 1433 3376 ,

341 3418 403 3483 ego
420 3395 550 3481 gravius
569 3413 758 3475 commotus,
785 3399 859 3460 Non
875 3400 1036 3479 loqueris?
1057 3396 1141 3459 dixi.
1183 3399 1268 3458 Tum
1283 3393 1339 3456 ali·

342 3482 417 3567 quia
433 3480 472 3544 de
488 3481 538 3556 iit,
565 3483 620 3563 qui
635 3484 811 3546 intererant
827 3483 994 3560 convivio,
1019 3483 1064 3545 ita
1080 3505 1136 3566 per
1150 3481 1261 3544 iocum
1279 3481 1340 3562 Cy·

340 3569 463 3630 uncam
479 3581 527 3628 est
547 3568 677 3629 affatus:
704 3569 827 3628 Vidisti
846 3573 999 3628 nimirum
1003 3616 1016 3644 ‚
1043 3569 1199 3647 cyniaco,
1221 3570 1340 3649 lupum,

339 3667 375 3716 νο
389 3665 476 3714 vetus
499 3666 545 3712 eet
560 3655 716 3714 dictum.“
761 3651 931 3715 Orationis
949 3653 1046 3715 series
1066 3652 1171 3729 docet,
1197 3653 1341 3738 cogitan-

343 3736 418 3799 dum
433 3758 500 3798 esse
517 3739 555 3798 de
568 3739 641 3819 lupo
658 3743 692 3798 in
699 3737 834 3818 sabula.
876 3738 978 3822 Atqui
994 3761 1062 3801 nou
1078 3739 1106 3798 is
1122 3737 1341 3799 obmutescere

342 3821 540 3898 credebatur,
567 3824 623 3907 qui
639 3827 751 3906 lupum
769 3823 859 3905 prior
873 3821 1019 3900 vidisset,
1043 3821 1099 3885 sed
1117 3821 1156 3898 is,
1181 3845 1276 3908 quem
1292 3825 1339 3880 lu·

340 3931 411 3994 put.
458 3905 547 3968 Hinc
567 3908 738 3970 admodum
762 3907 938 3990 probabilis
961 3923 1008 3969 est
1024 3907 1190 3970 Schaeferi
1202 3903 1341 3968 mutatio

339 3992 429 4068 λύκος
442 3993 506 4058 tidt'
522 3994 560 4060 o'·
603 3993 710 4056 Possit
728 3994 824 4055 etiem
840 3992 947 4070 scribi,
972 3990 1064 4072 λύκος
1077 3995 1158 4060 εἶδεν
1174 4013 1218 4053 to.
1234 3981 1347 4070 αύτύν.

341 4080 460 4142 Kieeal.
1228 4085 1233 4098 '

300 4183 351 4249 25.
372 4175 492 4269 χ’ἥφθα
513 4201 585 4248 oum
610 4144 822 4258 casaubono,
859 4181 1045 4266 Stephano,
1076 4181 1291 4248 Wiotcrtono
1313 4189 1346 4240 et
1431 4191 1432 4272 q
