2816 5014
244 473 545 544 THEOGMTl
578 469 946 562 1nrnn1o1s11„
1076 501 1115 565 7,

65 644 156 712 Meus
176 655 292 712 sutem
307 669 377 713 non
390 645 466 712 silet
479 643 513 710 iss
529 641 787 734 pectoredolor,
833 645 837 656 '
908 640 916 650 '

9 785 10 818 1
65 747 126 813 Sed
141 747 179 813 in
192 747 253 813 illo
269 757 340 815 tota
352 748 473 831 ardeo,
495 747 551 836 qui
567 770 624 814 me
646 745 806 812 miseram

9 849 10 912 3
66 851 126 916 Pro
139 849 283 934 coniuge
302 849 466 916 infamem
480 848 575 934 fecit,
598 861 632 916 et
647 845 878 934 virginitatem
898 844 1033 936 eripuit.

9 947 10 1000 ³
100 953 201 1040 Iymr,
223 953 374 1020 trahem
388 951 487 1020 illum
504 975 614 1018 meam
627 950 668 1018 ad
685 950 824 1016 domum
845 947 967 1018 virum.

65 1056 127 1120 Ter
141 1055 223 1138 libo,
246 1067 281 1120 et
295 1066 347 1120 ter
360 1054 493 1137 haecce,
513 1077 535 1118 ο
551 1053 756 1134 venerande,
777 1051 869 1118 dicos

66 1155 127 1221 Seu
140 1157 267 1222 mulier
280 1155 332 1221 illi
347 1155 498 1240 occubat,
520 1153 590 1222 sive
606 1155 707 1221 etiam
720 1153 788 1238 vir,
815 1179 817 1186 ’

9 1259 10 1290 ³
65 1259 211 1324 Tantum
232 1279 312 1324 eum
327 1255 503 1324 oblivionis
517 1257 643 1349 capiat,
666 1267 832 1345 quantum
853 1259 934 1326 olim
946 1258 1117 1332 Theseum

589 1443 592 1448 1
638 1355 757 1426 ferunt
873 1445 876 1450 Δ

67 1463 102 1531 ln
116 1464 182 1531 Dia
197 1463 341 1530 oblitum
364 1447 436 1526 esse
454 1461 682 1552 puloricomae
694 1459 869 1527 Ariadnes.

103 1569 206 1656 lynx,
229 1565 327 1633 trahe
341 1573 379 1627 tu
393 1563 488 1629 illum
504 1586 615 1631 meam
632 1563 673 1630 ad
689 1563 828 1628 domum
842 1563 965 1630 virum.

71 1666 292 1759 Hippomenes
313 1664 418 1733 herba
440 1677 491 1732 est
514 1666 605 1756 opud
626 1665 788 1736 Arcades:
821 1663 915 1733 euius
933 1667 1116 1756 potiundae

639 1765 756 1836 furore
1169 1771 1171 1774 ’

73 1913 267 1934 *-

9 2049 10 2064 ,
122 1995 248 2079 potuit,
272 2012 309 2060 vt
323 2001 433 2082 planta
455 1996 490 2059 id
507 1996 648 2059 nominis
664 1995 698 2058 in
722 1995 858 2082 quedem
872 2011 998 2058 tantum
1010 1997 1114 2082 regio·

9 2095 10 2162 }
123 2101 164 2141 ne
179 2083 368 2159 sortiretur,
393 2081 500 2143 eutab
520 2081 639 2144 effectu
662 2081 756 2143 etiam
773 2081 906 2144 abusive
921 2081 968 2142 ita
983 2103 1114 2144 vocare·

9 2171 10 2208 ³
123 2179 176 2226 tur
188 2169 236 2251 (v.
251 2167 399 2230 Servium
413 2165 453 2228 nd
460 2165 574 2252 Virgil.
585 2167 702 2250 Georg.
720 2171 779 2230 111.
794 2163 898 2246 280.),
922 2164 1011 2250 quod
1024 2167 1111 2249 equi,

124 2249 234 2312 tieem
251 2251 461 2329 comederint,
486 2253 627 2314 furorem
642 2252 825 2334 passisunt.
871 2251 1024 2314 Crateuas
1041 2251 1111 2332 qui·

125 2332 213 2408 dem,
236 2351 332 2398 vetus
354 2334 484 2422 quidam
501 2336 690 2412 beronicus,
715 2333 891 2398 secundum
913 2333 1113 2397 Scholiasten

9 2485 10 2490 ἵ
124 2417 164 2480 ssi
180 2435 326 2482 nostrum
341 2426 449 2483 locum
464 2419 556 2496 dicit,
578 2419 615 2489 si
631 2417 727 2504 φυτδν
743 2421 808 2506 ἔχει
824 2417 941 2505 sopistis
957 2419 998 2496 sic
1011 2415 1113 2486 σικύου

125 2503 248 2592 siypiov,
268 2501 448 2590 μελάντερον
469 2509 502 2572 δὲ
513 2501 550 2572 si
570 2503 683 2590 φύλλον
699 2506 800 2590 o's'onsp
813 2503 951 2588 μήκωνος
966 2501 1115 2571 &osbo-

123 2595 182 2666 δες·
211 2590 382 2683 [Crateuas
398 2591 445 2653 ita
468 2589 622 2673 exponit,
645 2606 682 2654 vt
696 2589 735 2652 ad
748 2595 913 2652 Datnram
929 2589 1026 2650 Metel
1041 2611 1116 2652 con·

124 2675 233 2737 silium
252 2676 425 2756 transferre
447 2673 561 2758 possis.
595 2675 747 2755 Sprengsl
769 2675 803 2735 in
817 2674 940 2738 Hister.
960 2673 1008 2734 rei
1025 2671 1114 2734 herb.

124 2761 164 2822 T.
178 2763 205 2824 1.
224 2781 258 2844 p.
276 2779 345 2839 ¹27·
367 2759 498 2843 Kiessl]
519 2773 552 2820 et
574 2757 816 2844 Theophrastus
838 2757 915 2821 hist.
937 2760 1039 2840 plant.
1055 2757 1113 2820 IX.

125 2866 193 2930 esp.
207 2845 256 2909 15.
275 2850 383 2928 (quem
398 2849 506 2906 locum
513 2843 688 2909 Palmerius
703 2857 738 2908 et
752 2841 939 2908 Valckener.
953 2838 1116 2922 laudent)

125 2943 279 2991 memoret
292 2929 410 2991 herbae
426 2951 544 3016 genus,
569 2927 691 2990 dictum
707 2930 895 3008 immisit,
917 2947 999 3026 quse
1014 2925 1115 2992 msxi·

125 3037 173 3093 nse
187 3014 369 3098 reperietur
383 3018 509 3100 Tegeae
525 3030 557 3076 et
572 3015 740 3091 Clitorise,
762 3012 903 3096 ideoque
918 3035 954 3075 sn
967 3007 1114 3074 Arcadis.

125 3097 217 3162 Alter
231 3097 425 3161 Scholiastes
444 3099 599 3186 intelligit
620 3105 823 3162 carunculam
845 3099 988 3183 nigram,
1011 3094 1115 3157 fronti
1179 3139 1182 3144 -
1263 3079 1266 3086 ’

124 3184 207 3268 pulli
220 3205 333 3246 recens
348 3183 429 3245 editi
443 3183 600 3260 innatam,
615 3205 718 3282 'quam
733 3185 815 3268 eque
832 3183 928 3244 enixe
940 3179 1049 3243 statim
1063 3178 1117 3241 de·
1145 3191 1148 3198 '

124 3283 234 3331 vorat:
270 3267 310 3330 de
332 3289 397 3350 quo
412 3267 589 3344 veneficio,
613 3283 691 3330 rtem
714 3269 920 3350 hippomanes
942 3269 1114 3348 appellate,

126 3375 155 3415 v.
170 3353 258 3415 Plin.
282 3353 326 3414 Η.
342 3352 385 3414 Ν.
399 3353 489 3414 VIII.
507 3373 575 3436 cop.
588 3351 640 3415 4¹2.
660 3367 737 3416 sect.
751 3349 801 3416 66.
825 3351 937 3436 ibique
957 3348 1116 3412 Harduin.

126 3437 311 3500 Broukbus.
332 3435 373 3496 sd
394 3435 515 3498 Tibull.
531 3421 621 3501 11.4'.
645 3433 697 3502 58.
720 3453 753 3499 et
773 3437 963 3520 interpretes
983 3432 1024 3496 sd
1044 3433 1117 3495 Vir·

127 3523 182 3610 gil.
207 3521 326 3607 Georg.
346 3523 407 3596 III,
429 3517 503 3585 Ι480.
526 3521 633 3610 (Voss.
657 3543 692 3606 p.
709 3517 797 3606 593.)
819 3535 852 3583 et
872 3521 953 3581 Aen.
973 3518 1029 3582 IV.
1045 3517 1117 3583 515.

9 3621 10 3660 t
126 3610 225 3668 Harl.
248 3607 317 3669 Vix
329 3603 525 3668 videturhio
538 3605 680 3692 intelligi
690 3611 801 3692 plenta
811 3606 930 3689 alique,
940 3603 996 3666 sed
1008 3601 1120 3686 potius

9 3741 10 3770 ἐ
128 3705 407 3768 concrementum,
430 3694 483 3751 ein
509 3689 677 3767 Geuseche,
703 3689 792 3774 quod
815 3712 887 3752 cum
909 3693 1048 3772 equuleo
1064 3707 1119 3746 na·

9 3771 10 3784 ¹
128 3778 247 3854 scitur,
281 3789 314 3838 et
338 3797 356 3836 a
377 3773 539 3838 veteribus
572 3798 632 3859 pro
657 3774 781 3859 philtro
803 3772 996 3848 hebebatur3
1032 3769 1120 3855 quod

129 3865 224 3945 quale
244 3861 299 3938 sit,
326 3859 423 3922 docet
436 3859 630 3920 Doubsnton
651 3861 686 3920 in
703 3857 778 3922 hist.
794 3875 860 3921 nst.
876 3859 967 3920 vniv.
982 3855 1121 3919 Comitis

127 3946 292 4030 aBsffon,
315 3945 389 4010 Vol.
402 3941 433 4008 4.
448 3965 480 4027 p.
496 3945 564 4010 124.
580 3943 630 4009 ed.
644 3945 743 4006 Amet.
765 3943 923 4006 Setreber.
952 3939 1121 4004 Schreberi

130 4031 359 4114 explicationi,
384 4049 479 4113 quem
501 4034 580 4092 alter
593 4030 787 4092 Scholiastes
808 4029 938 4092 vberius
956 4024 1119 4110 exposuit,

128 4113 455 4198 plurnlatlverssntur,
477 4129 511 4176 et
525 4114 663 4196 primum
683 4113 824 4199 quidem,
849 4113 938 4198 quod
952 4112 1122 4194 ἱππομανὲς

9 4251 10 4278 ,
130 4201 250 4262 dicitur
266 4221 331 4262 esse
347 4197 434 4282 apud
445 4197 599 4276 Arcades,
622 4199 707 4264 vnde
722 4201 855 4285 colliges
868 4213 996 4264 soteres
1010 4193 1120 4258 existi-
