2872 5018
397 1109 910 1184 aaevrarrvu

473 1301 729 1360 IDYLLII
769 1297 826 1359 Vl.

203 1545 385 1606 Damoetae
408 1557 441 1604 et
460 1539 631 1624 Daphnis,
656 1539 805 1628 gregibus
827 1538 867 1599 ad
892 1541 1017 1602 fontem
1040 1548 1182 1627 compul-

117 1665 183 1740 sis,
217 1662 361 1725 carmine
383 1660 555 1723 amoebaeo
579 1675 705 1748 tempus
729 1661 859 1721 fallunt.
902 1661 1010 1722 Habet
1031 1661 1094 1726 hoc
1117 1687 1183 1726 oar.

1 1809 2 1812 ¹
117 1805 193 1846 meu
222 1783 362 1868 speciem
392 1781 552 1844 dramatis.
611 1781 710 1842 Pueri
740 1779 828 1842 euim
855 1778 1090 1863 Polyphemum
1119 1785 1185 1846 eibi

119 1903 267 1990 fingunt,
302 1903 340 1963 in
361 1924 457 1987 rupe,
493 1899 579 1964 vnde
607 1915 797 1985 prospectus
820 1899 857 1960 in
887 1921 974 1961 mare
995 1917 1101 1986 patet,
1137 1927 1185 1968 ae·

120 2023 272 2100 (lentem,
313 2038 346 2084 et
368 2023 407 2088 ab
430 2027 530 2084 altera
559 2035 654 2105 perte
675 2021 857 2097 Galateam,
892 2020 1079 2106 aCyclope
1103 2047 1187 2084 ama·

120 2157 204 2220 tam,
228 2141 315 2203 haud
328 2147 444 2227 procul
465 2141 504 2204 ab
525 2143 624 2204 litore
646 2139 681 2200 in
702 2137 797 2203 rudia
818 2139 992 2202 ludentem.
1034 2143 1187 2227 Daphnis

121 2262 313 2346 spectatoris
336 2261 404 2348 agit
424 2275 551 2346 partes,
587 2275 621 2322 et
641 2251 863 2343 Polyphemo,
898 2257 978 2342 quid
999 2258 1055 2321 illa
1076 2265 1186 2326 molia-

123 2398 195 2459 tur,
220 2395 255 2442 vt
278 2387 391 2444 oculoa
414 2381 485 2442 eiua
508 2381 543 2440 in
567 2401 600 2444 se
624 2393 811 2456 convertat,
835 2377 989 2464 graphice
1011 2399 1190 2446 enarrat-

126 2523 175 2588 19.
214 2504 299 2563 Tum
325 2501 523 2578 Damoetas,
556 2499 794 2584 Polyphemum
821 2519 937 2584 agens,
973 2513 1009 2562 vt
1038 2503 1189 2580 lascivam

122 2627 264 2708 puellam
293 2635 435 2706 pungar,
481 2633 563 2682 actea
593 2639 665 2680 suaa
687 2616 871 2702 praedicat,
916 2591 1017 2700 idque
1039 2641 1073 2682 ae
1096 2642 1188 2708 agere

124 2743 309 2828 profitetur,
340 2753 376 2801 vt
397 2739 495 2817 illam,
528 2741 679 2826 aimulato
703 2737 836 2822 frigore,
862 2734 902 2796 ad
924 2739 1072 2802 molliora
1094 2741 1189 2805 verba
1286 2719 1289 2724 ¹

121 2877 222 2947 ,cogat
243 2855 444 2923 deccandere.
490 2858 640 2924 Carmine
664 2855 760 2919 finito
781 2855 878 2940 pueri
901 2875 934 2916 se
957 2874 1071 2922 mutuo
1095 2859 1192 2924 donia

126 2979 250 3042 donant
279 2979 504 3062 pastoralibus.
559 2978 702 3062 Elegana
725 2996 802 3038 saue
823 2973 994 3058 Idyllium,
1031 2979 1119 3065 quod
1141 2980 1191 3042 in.

126 3099 241 3184 primia
263 3121 281 3160 a
304 3097 460 3182 Cyclopia·
482 3117 619 3182 persona
648 3111 682 3159 et
703 3097 838 3182 iugenio
862 3099 1007 3171 feliciter
1027 3097 1193 3162 adumbra-

129 3237 167 3281 to
182 3217 433 3280 commendatur.
478 3216 567 3280 Idem
590 3231 812 3301 argumentum
835 3239 853 3277 a
876 3233 989 3281 nostro
1012 3233 1108 3301 poeta
1131 3235 1193 3282 tre·

130 3335 238 3399 ceatur
264 3339 299 3398 in
322 3336 445 3420 Idyllio
467 3337 526 3399 XI.
549 3333 637 3421 quod
666 3335 779 3419 vtique
803 3338 911 3422 aptiua
941 3338 1101 3400 antehoc
1123 3361 1194 3400 aex·

130 3472 204 3518 tum
217 3460 388 3541 legeretur.
435 3454 585 3518 Ceterum
604 3453 644 3517 ‹le
665 3453 730 3517 hoe
746 3472 935 3542 argumento
958 3458 1045 3520 conf.
1062 3457 1195 3520 Moschi

131 3573 232 3656 Idyn.
254 3577 320 3652 111,
343 3577 395 3662 59.
417 3595 483 3662 sqq.
512 3574 607 3637 Bion.
631 3575 745 3660 fragm.
767 3575 842 3639 XII.
866 3576 994 3638 Scholia
1026 3576 1067 3638 ad
1088 3577 1195 3639 Theo·

133 3693 214 3754 criti
226 3693 319 3777 Idyll.
334 3695 393 3758 XI.
407 3694 483 3757 init.
503 3692 711 3778 Aristophau.
726 3696 812 3760 Plut.
828 3713 899 3781 290.
922 3695 1033 3781 ibique
1055 3695 1196 3758 Scholia.

568 3992 774 4022 -ψ-ι--ιιο
