2916 5020
295 457 1023 526 ruaocu1r11uvaa1onv1n
1134 461 1195 540 225
1282 551 1287 556 .

131 629 236 721 Quod
250 627 282 696 ci
299 628 398 696 dulce
410 641 526 697 neclan
542 629 641 698 Musa
652 630 689 698 in
709 649 745 698 os
759 627 946 701 detulerat.

133 737 166 800 Ο
183 733 281 800 beate
298 733 450 814 Comata,
475 745 513 800 tu
529 757 610 800 sane
621 735 705 800 haec
722 733 870 802 iucunda
886 746 1048 824 expertus
1065 759 1109 822 es,

130 839 177 905 Et
192 847 231 902 tu
245 835 396 903 inclusus
415 836 510 904 fuisti
523 861 611 922 arca,
635 849 670 904 et
688 849 737 921 tu,
759 859 865 927 apum

128 940 229 1010 Favis
250 951 384 1028 pastus,
407 950 519 1006 totum
542 964 601 1008 ver
624 940 773 1026 exegisti.

130 1043 270 1112 Vtinam
282 1065 361 1108 mea
376 1055 485 1109 aetate
498 1045 535 1112 in
550 1043 637 1110 vivis
656 1055 853 1111 numeratus
868 1065 977 1126 esses3

127 1147 219 1214 Nam
237 1144 297 1210 tibi
311 1165 372 1231 ego
385 1149 555 1236 pavissem
571 1167 634 1234 per
652 1157 783 1212 montes
800 1149 936 1238 pulcras
947 1147 1089 1234 capellas

130 1251 244 1314 Tuam
253 1270 372 1314 vocem
380 1251 580 1318 exaudiens:
603 1249 1195 1341 tuquesubquercubusvelpiuubus

129 1349 289 1420 Suaviter
310 1373 435 1420 canens
454 1351 679 1434 recubantes,
702 1351 815 1420 divine
838 1353 989 1420 Comata.

173 1455 234 1521 lile
245 1454 330 1520 haec
346 1453 434 1522 fatus
454 1456 572 1533 deaiita
593 1469 671 1543 post
684 1478 785 1544 quem
801 1455 945 1521 vicissim
964 1443 966 1450 ¹

131 1557 177 1622 Et
191 1578 252 1644 ego
266 1555 345 1622 talia
359 1556 453 1623 dixit
474 1559 600 1644 Lycida
615 1583 709 1644 care,
730 1559 836 1626 multa
850 1557 989 1644 quidem
1003 1557 1069 1624 alia

1 1669 7 1696 ³
133 1657 315 1747 Nymphae
351 1681 408 1725 me
443 1681 577 1750 quoque
607 1661 796 1728 docucntnt
812 1660 866 1734 iu
891 1660 1064 1740 montibus
1093 1661 1196 1730 boves

714 1773 871 1852 agentem

201 2078 346 2144 tempore,
366 2042 567 2148 frequentius
583 2059 755 2128 adhibetur
770 2063 933 2150 genitivus
950 2057 1099 2142 [nativus
1114 2063 1196 2127 nun'·

200 2158 310 2232 quarn:
334 2170 407 2208 nam
422 2170 495 2209 cum
517 2149 628 2214 dativo
652 2149 691 2212 de
713 2161 856 2234 tempore
875 2151 1019 2234 positum
1042 2151 1196 2236 exprimit

198 2233 353 2317 temporis
375 2233 634 2298 continuitatem.
656 2239 726 2313 K.]‚
757 2235 821 2300 vid.
836 2234 963 2318 ltypkii
984 2234 1078 2300 Obss.
1101 2237 1136 2296 in
1152 2237 1196 2297 N.

199 2321 239 2382 T.
252 2339 284 2400 p.
300 2315 352 2382 54.
367 2332 447 2384 tom.
459 2317 504 2381 H.
520 2335 553 2382 et
572 2321 727 2384 Valcken.
746 2319 787 2381 ad
805 2335 953 2383 nostrum
974 2324 1098 2396 locum,
1123 2341 1195 2404 cum

199 2401 262 2464 hoc
285 2418 318 2464 et
333 2403 499 2467 Brunckio
520 2403 696 2468 lectionem
717 2395 887 2467 muitarum
912 2403 1093 2466 editionum
1108 2420 1194 2468 vete-

199 2509 269 2570 rum
291 2485 338 2553 ἐπ’
352 2489 426 2569 ἐμεῦ
442 2489 579 2554 restitui.
622 2493 738 2554 Postea
758 2489 832 2572 ἦμεν
849 2489 1004 2553 Valcken.
1017 2510 1058 2550 cx
1073 2489 1144 2552 cdd.
1163 2505 1196 2553 et

199 2571 341 2634 Brunck.
358 2574 440 2657 εἶμεν
452 2573 622 2653 dederunt,
646 2599 687 2638 ne
702 2589 751 2636 tot
768 2575 896 2638 litterae
909 2574 1075 2636 sibilantes
1091 2575 1196 2661 iugra-
1215 2615 1220 2620 -

198 2671 266 2718 tum
283 2653 447 2721 efficerent
457 2679 582 2721 sonum.
627 2663 726 2722 Harl.

158 2737 210 2828 87.
233 2743 274 2818 uis·
290 2747 340 2809 tir
363 2741 438 2827 ἐγών
459 2742 664 2808 scribendum
686 2759 795 2808 censet
813 2741 954 2807 anck.
976 2744 1074 2805 Harl.
1108 2745 1197 2825 [Me·
1251 2745 1253 2750 ’

140 2829 147 2839 ’
200 2840 285 2888 trum
310 2826 504 2890 adversatur.
548 2831 682 2917 [Cissei]
1137 2899 1140 2904 ¹

159 2909 211 2978 88.
233 2907 285 3000 89.
307 2915 412 2997 φωνᾶς
425 2915 481 2992 σῆς
503 2935 527 2976 s.
545 2917 603 2994 σᾶς
618 2915 697 2984 ἀΐων
719 2913 863 2980 coniecit
884 2911 1023 2976 Reiske:
1046 2913 1196 2997 equidem

202 3019 270 3059 nou
286 2997 415 3060 accedo.
435 3001 533 3062 Harl.
572 3001 768 3088 [Pronomen
783 3023 823 3062 ex
838 3019 1024 3085 praegresso
1039 3006 1087 3066 tut
1100 3000 1195 3060 facile

203 3082 407 3166 intelligitur.
450 3085 508 3146 Sin
524 3085 633 3150 abesse
647 3109 714 3149 nou
728 3086 848 3170 possit,
871 3086 980 3170 potius
993 3084 1195 3148 scribendum

202 3181 253 3227 cst
273 3169 381 3250 φωνᾶς
395 3169 466 3247 attic
484 3167 561 3238 dms
582 3195 641 3256 pro
662 3179 798 3240 εἰσαΐων.
841 3173 936 3231 Amat
953 3185 1058 3231 tamen
1073 3184 1106 3232 et
1123 3169 1195 3231 aliia

200 3249 282 3312 locis
301 3253 496 3315 Theocritus
508 3256 604 3319 verba
618 3279 657 3320 ex
670 3264 717 3333 εἰς
734 3257 924 3339 composita,
947 3271 984 3316 vt
999 3256 1056 3331 lv,
1073 3255 1124 3318 46·
1139 3253 1196 3320 οὐκ

200 3331 375 3413 icamiam
397 3338 438 3415 V,
460 3339 490 3404 5.
511 3339 567 3408 otis
588 3345 732 3430 ἰσορῆτες
754 3378 793 3392 -
818 3341 908 3404 vers.
930 3337 981 3423 89·
1006 3341 1196 3407 uortxt'sltoo

203 3443 276 3482 cum
300 3423 465 3486 Brunckio
489 3447 530 3486 ex
553 3431 721 3490 nonnullis
741 3425 811 3490 cdd.
834 3447 894 3511 pro
915 3427 1046 3510 vulgato
1063 3427 1196 3492 κατακέ-

202 3513 288 3573 sitoo
303 3507 490 3590 recepimus.
533 3515 662 3598 Kiessl.]

160 3628 213 3696 90·
234 3606 289 3676 τᾶν
307 3613 340 3675 δὲ
361 3603 435 3694 μέτ’.
458 3603 497 3673 de
519 3615 713 3699 anastrophe
733 3615 768 3676 in
789 3611 1031 3698 praepositione
1050 3610 1195 3687 admissa,

206 3694 352 3778 quamvis
366 3699 399 3762 δὲ
412 3695 639 3782 interpositum
652 3701 713 3776 sit,
737 3699 803 3762 vid.
817 3701 991 3760 Hermann.
1009 3697 1045 3757 in
1059 3695 1142 3758 libro
1157 3696 1197 3758 de

204 3777 330 3842 emend.
345 3796 404 3843 rat.
428 3803 473 3867 gr.
491 3805 619 3869 gamm.
639 3807 670 3868 p.
688 3803 757 3869 ¹⁰7·
773 3805 842 3869 sqq.
858 3799 891 3846 et
911 3781 947 3842 in
969 3783 1061 3844 Actis
1084 3781 1195 3846 societ.

205 3861 322 3944 philol.
338 3865 428 3950 Lips.
445 3869 519 3932 Vol.
527 3870 553 3931 I.
569 3892 600 3953 p.
608 3868 660 3934 43.
675 3892 720 3955 sq.
742 3905 785 3921 -
805 3867 857 3930 Ad
871 3891 919 3930 vs.
933 3887 983 3953 9¹·
1000 3868 1086 3930 conf.
1102 3865 1195 3930 Voss.

204 3945 246 4008 ad
261 3948 377 4035 virgil.
394 3954 465 4013 Ecl.
480 3953 522 4015 X.
537 3955 611 4016 init.
627 3975 657 4038 p.
672 3957 745 4019 500.
788 3955 904 4016 Kiaessl.

25 4079 32 4090 ·
162 4048 214 4120 9²·
234 4025 377 4118 Νύμφαι.
412 4038 519 4100 Etiam
540 4038 595 4102 hic
613 4043 754 4102 occurrit
777 4045 930 4126 glossema
947 4035 1136 4104 ctMoiont.
1157 4035 1197 4092 K.

207 4115 277 4200 ''ii‘'
287 4121 426 4200 ἶῦωαὲαν
439 4122 580 4188 Brunclt-
601 4161 646 4176 -
665 4135 780 4211 βωκολ.
797 4147 856 4209 pro
871 4129 1005 4210 vulgato
1019 4117 1198 4204 βουκολέον-

205 4227 244 4266 τα
269 4206 400 4287 reposui
428 4229 500 4272 cum
517 4210 749 4292 Wintertoao,
786 4211 941 4280 Valcken.
965 4221 997 4270 et
1021 4201 1197 4268 Bruncitio.
