<?xml version="1.0" encoding="UTF-8"?>
<!DOCTYPE html PUBLIC "-//W3C//DTD XHTML 1.0 Transitional//EN"
    "http://www.w3.org/TR/xhtml1/DTD/xhtml1-transitional.dtd">
<html xmlns="http://www.w3.org/1999/xhtml" xml:lang="en" lang="en">
 <head>
  <title>
</title>
<meta http-equiv="Content-Type" content="text/html;charset=utf-8" />
  <meta name='ocr-system' content='tesseract 3.04.00' />
  <meta name='ocr-capabilities' content='ocr_page ocr_carea ocr_par ocr_line ocrx_word'/>
</head>
<body>
  <div class='ocr_page' id='page_1' title='image "./theocritireliqv00kiesgoog_0664.png"; bbox 0 0 2950 5024; ppageno 0'>
   <div class='ocr_carea' id='block_1_1' title="bbox 263 1004 1022 1244">
    <p class='ocr_par' dir='ltr' id='par_1_1' title="bbox 263 1004 1022 1244">
     <span class='ocr_line' id='line_1_1' title="bbox 263 1004 956 1076; baseline 0.003 -8"><span class='ocrx_word' id='word_1_1' title='bbox 263 1059 268 1068; x_wconf 85' lang='grc'><strong><em>,</em></strong></span> <span class='ocrx_word' id='word_1_2' title='bbox 392 1004 956 1076; x_wconf 77' lang='lat' dir='ltr'><strong>racuurnruu.</strong></span> 
     </span>
     <span class='ocr_line' id='line_1_2' title="bbox 456 1118 1022 1244; baseline 0.002 -10"><span class='ocrx_word' id='word_1_3' title='bbox 456 1173 712 1236; x_wconf 83' lang='lat' dir='ltr'>IDYLL·11</span> <span class='ocrx_word' id='word_1_4' title='bbox 753 1176 877 1244; x_wconf 77' lang='lat' dir='ltr'><strong>XXV.</strong></span> <span class='ocrx_word' id='word_1_5' title='bbox 986 1118 1022 1126; x_wconf 23' lang='grc' dir='ltr'><strong>,Ι</strong></span> 
     </span>
    </p>
   </div>
   <div class='ocr_carea' id='block_1_2' title="bbox 74 1385 1284 2660">
    <p class='ocr_par' dir='ltr' id='par_1_2' title="bbox 74 1385 1284 2660">
     <span class='ocr_line' id='line_1_3' title="bbox 206 1385 1284 1480; baseline 0.006 -26"><span class='ocrx_word' id='word_1_6' title='bbox 206 1389 246 1454; x_wconf 88' lang='lat' dir='ltr'><strong>ln</strong></span> <span class='ocrx_word' id='word_1_7' title='bbox 261 1389 498 1474; x_wconf 69' lang='lat' dir='ltr'><strong>bosporum,</strong></span> <span class='ocrx_word' id='word_1_8' title='bbox 522 1386 592 1452; x_wconf 83' lang='lat' dir='ltr'><strong>sire</strong></span> <span class='ocrx_word' id='word_1_9' title='bbox 603 1387 760 1473; x_wconf 83' lang='lat' dir='ltr'><strong>poematis</strong></span> <span class='ocrx_word' id='word_1_10' title='bbox 775 1385 896 1474; x_wconf 64' lang='lat' dir='ltr'><strong>potiri*</strong></span> <span class='ocrx_word' id='word_1_11' title='bbox 904 1389 1087 1480; x_wconf 77' lang='lat' dir='ltr'><strong>fragmento</strong></span> <span class='ocrx_word' id='word_1_12' title='bbox 1101 1395 1187 1462; x_wconf 84' lang='lat' dir='ltr'><strong>Her·</strong></span> <span class='ocrx_word' id='word_1_13' title='bbox 1282 1404 1284 1415; x_wconf 56' lang='lat'>¹</span> 
     </span>
     <span class='ocr_line' id='line_1_4' title="bbox 121 1472 1189 1564; baseline 0.009 -28"><span class='ocrx_word' id='word_1_14' title='bbox 121 1481 211 1540; x_wconf 87' lang='lat' dir='ltr'><strong>cules</strong></span> <span class='ocrx_word' id='word_1_15' title='bbox 229 1489 487 1558; x_wconf 74' lang='lat' dir='ltr'><strong>repraesentatur</strong></span> <span class='ocrx_word' id='word_1_16' title='bbox 510 1472 545 1533; x_wconf 89' lang='lat' dir='ltr'><strong>in</strong></span> <span class='ocrx_word' id='word_1_17' title='bbox 568 1495 645 1560; x_wconf 85' lang='lat' dir='ltr'><strong>agro</strong></span> <span class='ocrx_word' id='word_1_18' title='bbox 666 1475 767 1552; x_wconf 88' lang='lat' dir='ltr'><strong>Eleo,</strong></span> <span class='ocrx_word' id='word_1_19' title='bbox 800 1475 883 1537; x_wconf 87' lang='lat' dir='ltr'><strong>circa</strong></span> <span class='ocrx_word' id='word_1_20' title='bbox 905 1476 1031 1564; x_wconf 81' lang='lat' dir='ltr'><strong>Augiae</strong></span> <span class='ocrx_word' id='word_1_21' title='bbox 1052 1479 1189 1546; x_wconf 83' lang='lat' dir='ltr'><strong>stabula.</strong></span> 
     </span>
     <span class='ocr_line' id='line_1_5' title="bbox 121 1559 1191 1652; baseline 0.007 -31"><span class='ocrx_word' id='word_1_22' title='bbox 121 1559 199 1644; x_wconf 77' lang='lat' dir='ltr'><strong>Quo</strong></span> <span class='ocrx_word' id='word_1_23' title='bbox 217 1581 317 1644; x_wconf 82' lang='lat' dir='ltr'><strong>quum</strong></span> <span class='ocrx_word' id='word_1_24' title='bbox 339 1559 499 1636; x_wconf 88' lang='lat' dir='ltr'><strong>venisset,</strong></span> <span class='ocrx_word' id='word_1_25' title='bbox 524 1580 631 1622; x_wconf 90' lang='lat' dir='ltr'><strong>asene</strong></span> <span class='ocrx_word' id='word_1_26' title='bbox 649 1559 788 1644; x_wconf 87' lang='lat' dir='ltr'><strong>quodam</strong></span> <span class='ocrx_word' id='word_1_27' title='bbox 806 1560 930 1625; x_wconf 89' lang='lat' dir='ltr'><strong>rustico</strong></span> <span class='ocrx_word' id='word_1_28' title='bbox 952 1561 993 1624; x_wconf 91' lang='lat' dir='ltr'><strong>ad</strong></span> <span class='ocrx_word' id='word_1_29' title='bbox 1013 1586 1120 1652; x_wconf 87' lang='lat' dir='ltr'><strong>regem</strong></span> <span class='ocrx_word' id='word_1_30' title='bbox 1134 1564 1191 1630; x_wconf 86' lang='lat' dir='ltr'><strong>de·</strong></span> 
     </span>
     <span class='ocr_line' id='line_1_6' title="bbox 104 1641 1189 1730; baseline 0.008 -25"><span class='ocrx_word' id='word_1_31' title='bbox 104 1643 251 1706; x_wconf 82' lang='lat' dir='ltr'><strong>ducitur</strong></span> <span class='ocrx_word' id='word_1_32' title='bbox 270 1679 313 1694; x_wconf 88' lang='lat'>-</span> <span class='ocrx_word' id='word_1_33' title='bbox 335 1641 387 1709; x_wconf 83' lang='lat'><strong>84.</strong></span> <span class='ocrx_word' id='word_1_34' title='bbox 409 1644 466 1730; x_wconf 90' lang='lat' dir='ltr'><strong>qui</strong></span> <span class='ocrx_word' id='word_1_35' title='bbox 488 1641 530 1706; x_wconf 83' lang='lat' dir='ltr'><strong>ad</strong></span> <span class='ocrx_word' id='word_1_36' title='bbox 553 1660 695 1706; x_wconf 86' lang='lat' dir='ltr'><strong>armenta</strong></span> <span class='ocrx_word' id='word_1_37' title='bbox 715 1666 770 1706; x_wconf 89' lang='lat' dir='ltr'><strong>sua</strong></span> <span class='ocrx_word' id='word_1_38' title='bbox 797 1643 968 1708; x_wconf 79' lang='lat' dir='ltr'><strong>invisenda</strong></span> <span class='ocrx_word' id='word_1_39' title='bbox 992 1669 1034 1712; x_wconf 87' lang='lat' dir='ltr'><strong>err</strong></span> <span class='ocrx_word' id='word_1_40' title='bbox 1054 1649 1132 1712; x_wconf 86' lang='lat' dir='ltr'><strong>vrbe</strong></span> <span class='ocrx_word' id='word_1_41' title='bbox 1152 1651 1189 1714; x_wconf 88' lang='lat' dir='ltr'><strong>in</strong></span> 
     </span>
     <span class='ocr_line' id='line_1_7' title="bbox 118 1727 1188 1817; baseline 0.008 -28"><span class='ocrx_word' id='word_1_42' title='bbox 118 1749 230 1814; x_wconf 88' lang='lat' dir='ltr'><strong>agrum</strong></span> <span class='ocrx_word' id='word_1_43' title='bbox 254 1743 464 1792; x_wconf 76' lang='lat' dir='ltr'><strong>concesserat.</strong></span> <span class='ocrx_word' id='word_1_44' title='bbox 517 1728 680 1792; x_wconf 74' lang='lat' dir='ltr'><strong>intexitur</strong></span> <span class='ocrx_word' id='word_1_45' title='bbox 710 1727 884 1812; x_wconf 76' lang='lat' dir='ltr'><strong>descriptio</strong></span> <span class='ocrx_word' id='word_1_46' title='bbox 909 1731 1014 1817; x_wconf 88' lang='lat' dir='ltr'><strong>gregis</strong></span> <span class='ocrx_word' id='word_1_47' title='bbox 1036 1733 1188 1798; x_wconf 83' lang='lat' dir='ltr'><strong>immensi</strong></span> 
     </span>
     <span class='ocr_line' id='line_1_8' title="bbox 117 1812 1187 1899; baseline 0.007 -25"><span class='ocrx_word' id='word_1_48' title='bbox 117 1813 281 1898; x_wconf 88' lang='lat' dir='ltr'><strong>a&#39;pascuis</strong></span> <span class='ocrx_word' id='word_1_49' title='bbox 300 1813 467 1876; x_wconf 86' lang='lat' dir='ltr'><strong>redeuntis</strong></span> <span class='ocrx_word' id='word_1_50' title='bbox 490 1848 533 1862; x_wconf 89' lang='lat'>-</span> <span class='ocrx_word' id='word_1_51' title='bbox 555 1812 625 1892; x_wconf 81' lang='lat'><strong>157.</strong></span> <span class='ocrx_word' id='word_1_52' title='bbox 648 1813 705 1876; x_wconf 88' lang='lat' dir='ltr'><strong>vbi</strong></span> <span class='ocrx_word' id='word_1_53' title='bbox 729 1835 828 1899; x_wconf 88' lang='lat' dir='ltr'><strong>quum</strong></span> <span class='ocrx_word' id='word_1_54' title='bbox 845 1828 973 1894; x_wconf 86' lang='lat' dir='ltr'><strong>taurus,</strong></span> <span class='ocrx_word' id='word_1_55' title='bbox 997 1815 1086 1880; x_wconf 88' lang='lat' dir='ltr'><strong>inter</strong></span> <span class='ocrx_word' id='word_1_56' title='bbox 1100 1833 1187 1882; x_wconf 85' lang='lat' dir='ltr'><strong>oete·</strong></span> 
     </span>
     <span class='ocr_line' id='line_1_9' title="bbox 116 1898 1186 1990; baseline 0.007 -32"><span class='ocrx_word' id='word_1_57' title='bbox 116 1920 173 1959; x_wconf 90' lang='lat' dir='ltr'><strong>ros</strong></span> <span class='ocrx_word' id='word_1_58' title='bbox 198 1898 315 1960; x_wconf 87' lang='lat' dir='ltr'><strong>robore</strong></span> <span class='ocrx_word' id='word_1_59' title='bbox 335 1903 513 1978; x_wconf 78' lang='lat' dir='ltr'><strong>excellens,</strong></span> <span class='ocrx_word' id='word_1_60' title='bbox 545 1899 718 1961; x_wconf 88' lang='lat' dir='ltr'><strong>Herculem</strong></span> <span class='ocrx_word' id='word_1_61' title='bbox 742 1898 944 1986; x_wconf 74' lang='lat' dir='ltr'><strong>aggreditur,</strong></span> <span class='ocrx_word' id='word_1_62' title='bbox 974 1905 1131 1990; x_wconf 85' lang='lat' dir='ltr'><strong>nulloque</strong></span> <span class='ocrx_word' id='word_1_63' title='bbox 1147 1903 1186 1966; x_wconf 90' lang='lat' dir='ltr'><strong>ab</strong></span> 
     </span>
     <span class='ocr_line' id='line_1_10' title="bbox 116 1982 1189 2073; baseline 0.006 -30"><span class='ocrx_word' id='word_1_64' title='bbox 116 2003 156 2043; x_wconf 84' lang='lat' dir='ltr'><strong>eo</strong></span> <span class='ocrx_word' id='word_1_65' title='bbox 179 1982 348 2066; x_wconf 87' lang='lat' dir='ltr'><strong>repellitur</strong></span> <span class='ocrx_word' id='word_1_66' title='bbox 368 1984 521 2068; x_wconf 84' lang='lat' dir='ltr'><strong>negotio,</strong></span> <span class='ocrx_word' id='word_1_67' title='bbox 543 1982 630 2068; x_wconf 87' lang='lat' dir='ltr'><strong>regis</strong></span> <span class='ocrx_word' id='word_1_68' title='bbox 649 1983 810 2068; x_wconf 88' lang='lat' dir='ltr'><strong>puerique</strong></span> <span class='ocrx_word' id='word_1_69' title='bbox 826 1983 909 2069; x_wconf 87' lang='lat' dir='ltr'><strong>regii</strong></span> <span class='ocrx_word' id='word_1_70' title='bbox 930 1985 1056 2048; x_wconf 86' lang='lat' dir='ltr'><strong>animus</strong></span> <span class='ocrx_word' id='word_1_71' title='bbox 1069 2007 1189 2073; x_wconf 85' lang='lat' dir='ltr'><strong>magna</strong></span> 
     </span>
     <span class='ocr_line' id='line_1_11' title="bbox 112 2067 1187 2153; baseline 0.007 -26"><span class='ocrx_word' id='word_1_72' title='bbox 112 2067 287 2130; x_wconf 77' lang='lat' dir='ltr'><strong>fortissimi</strong></span> <span class='ocrx_word' id='word_1_73' title='bbox 309 2067 373 2129; x_wconf 85' lang='lat' dir='ltr'><strong>viri</strong></span> <span class='ocrx_word' id='word_1_74' title='bbox 396 2067 610 2132; x_wconf 73' lang='lat' dir='ltr'><strong>admiratione</strong></span> <span class='ocrx_word' id='word_1_75' title='bbox 633 2069 829 2153; x_wconf 89' lang='lat' dir='ltr'><strong>percellitur.</strong></span> <span class='ocrx_word' id='word_1_76' title='bbox 852 2103 895 2118; x_wconf 89' lang='lat'>-</span> <span class='ocrx_word' id='word_1_77' title='bbox 911 2071 989 2148; x_wconf 62' lang='lat'><strong>,150.</strong></span> <span class='ocrx_word' id='word_1_78' title='bbox 1012 2069 1092 2134; x_wconf 88' lang='lat' dir='ltr'><strong>Inde</strong></span> <span class='ocrx_word' id='word_1_79' title='bbox 1109 2071 1187 2134; x_wconf 89' lang='lat' dir='ltr'><strong>dum</strong></span> 
     </span>
     <span class='ocr_line' id='line_1_12' title="bbox 114 2151 1186 2240; baseline 0.009 -30"><span class='ocrx_word' id='word_1_80' title='bbox 114 2151 150 2210; x_wconf 89' lang='lat' dir='ltr'><strong>in</strong></span> <span class='ocrx_word' id='word_1_81' title='bbox 167 2152 277 2214; x_wconf 87' lang='lat' dir='ltr'><strong>eadem</strong></span> <span class='ocrx_word' id='word_1_82' title='bbox 292 2152 345 2212; x_wconf 83' lang='lat' dir='ltr'><strong>ria</strong></span> <span class='ocrx_word' id='word_1_83' title='bbox 360 2168 517 2240; x_wconf 86' lang='lat' dir='ltr'><strong>pergunt,</strong></span> <span class='ocrx_word' id='word_1_84' title='bbox 541 2153 701 2234; x_wconf 81' lang='lat' dir='ltr'><strong>Phyleus,</strong></span> <span class='ocrx_word' id='word_1_85' title='bbox 723 2153 787 2216; x_wconf 91' lang='lat' dir='ltr'><strong>hoc</strong></span> <span class='ocrx_word' id='word_1_86' title='bbox 802 2155 888 2218; x_wconf 89' lang='lat' dir='ltr'><strong>enim</strong></span> <span class='ocrx_word' id='word_1_87' title='bbox 908 2155 1042 2218; x_wconf 89' lang='lat' dir='ltr'><strong>nomine</strong></span> <span class='ocrx_word' id='word_1_88' title='bbox 1055 2157 1107 2216; x_wconf 81' lang='lat' dir='ltr'><strong>Au</strong></span> <span class='ocrx_word' id='word_1_89' title='bbox 1130 2157 1186 2220; x_wconf 83' lang='lat' dir='ltr'><strong>ias</strong></span> 
     </span>
     <span class='ocr_line' id='line_1_13' title="bbox 114 2177 1187 2326; baseline 0.007 -28"><span class='ocrx_word' id='word_1_90' title='bbox 114 2236 204 2298; x_wconf 87' lang='lat' dir='ltr'><strong>filius</strong></span> <span class='ocrx_word' id='word_1_91' title='bbox 220 2237 449 2320; x_wconf 76' lang='lat' dir='ltr'><strong>appellabatur,</strong></span> <span class='ocrx_word' id='word_1_92' title='bbox 473 2239 646 2301; x_wconf 88' lang='lat' dir='ltr'><strong>Herculem</strong></span> <span class='ocrx_word' id='word_1_93' title='bbox 661 2251 763 2326; x_wconf 86' lang='lat' dir='ltr'><strong>rogat,</strong></span> <span class='ocrx_word' id='word_1_94' title='bbox 786 2239 969 2325; x_wconf 61' lang='lat' dir='ltr'><strong>vt,‚quibus</strong></span> <span class='ocrx_word' id='word_1_95' title='bbox 983 2177 1187 2304; x_wconf 66' lang='lat' dir='ltr'><strong>artibusite·</strong></span> 
     </span>
     <span class='ocr_line' id='line_1_14' title="bbox 112 2319 1190 2414; baseline 0.006 -32"><span class='ocrx_word' id='word_1_96' title='bbox 112 2343 224 2382; x_wconf 87' lang='lat' dir='ltr'><strong>meum</strong></span> <span class='ocrx_word' id='word_1_97' title='bbox 236 2326 364 2384; x_wconf 88' lang='lat' dir='ltr'><strong>leonem</strong></span> <span class='ocrx_word' id='word_1_98' title='bbox 380 2322 598 2406; x_wconf 82' lang='lat' dir='ltr'><strong>superaverit,</strong></span> <span class='ocrx_word' id='word_1_99' title='bbox 623 2319 685 2385; x_wconf 83' lang='lat' dir='ltr'><strong>sibi</strong></span> <span class='ocrx_word' id='word_1_100' title='bbox 701 2345 846 2386; x_wconf 87' lang='lat' dir='ltr'><strong>enarrare</strong></span> <span class='ocrx_word' id='word_1_101' title='bbox 862 2325 953 2388; x_wconf 82' lang='lat' dir='ltr'><strong>velit.</strong></span> <span class='ocrx_word' id='word_1_102' title='bbox 975 2360 1019 2377; x_wconf 91' lang='grc'><strong>-</strong></span> <span class='ocrx_word' id='word_1_103' title='bbox 1042 2333 1112 2413; x_wconf 85' lang='lat'><strong>189.</strong></span> <span class='ocrx_word' id='word_1_104' title='bbox 1131 2325 1190 2414; x_wconf 68' lang='lat' dir='ltr'><strong>cui</strong></span> 
     </span>
     <span class='ocr_line' id='line_1_15' title="bbox 113 2406 1187 2495; baseline 0.002 -27"><span class='ocrx_word' id='word_1_105' title='bbox 113 2417 237 2478; x_wconf 77' lang='lat' dir='ltr'><strong>rnorem</strong></span> <span class='ocrx_word' id='word_1_106' title='bbox 256 2427 368 2492; x_wconf 85' lang='lat' dir='ltr'><strong>gerens</strong></span> <span class='ocrx_word' id='word_1_107' title='bbox 383 2407 541 2471; x_wconf 91' lang='lat' dir='ltr'><strong>Hercules</strong></span> <span class='ocrx_word' id='word_1_108' title='bbox 557 2431 684 2471; x_wconf 86' lang='lat' dir='ltr'><strong>omnam</strong></span> <span class='ocrx_word' id='word_1_109' title='bbox 697 2431 773 2487; x_wconf 87' lang='lat' dir='ltr'><strong>rem,</strong></span> <span class='ocrx_word' id='word_1_110' title='bbox 790 2406 953 2495; x_wconf 90' lang='lat' dir='ltr'><strong>quomodo</strong></span> <span class='ocrx_word' id='word_1_111' title='bbox 972 2426 1042 2473; x_wconf 88' lang='lat' dir='ltr'><strong>ncta</strong></span> <span class='ocrx_word' id='word_1_112' title='bbox 1057 2409 1112 2488; x_wconf 82' lang='lat' dir='ltr'><strong>sit,</strong></span> <span class='ocrx_word' id='word_1_113' title='bbox 1137 2409 1187 2476; x_wconf 87' lang='lat' dir='ltr'><strong>di·</strong></span> 
     </span>
     <span class='ocr_line' id='line_1_16' title="bbox 74 2493 1182 2577; baseline 0.005 -23"><span class='ocrx_word' id='word_1_114' title='bbox 74 2545 80 2554; x_wconf 89' lang='lat'><strong>.</strong></span> <span class='ocrx_word' id='word_1_115' title='bbox 112 2506 199 2552; x_wconf 84' lang='lat' dir='ltr'><strong>serta</strong></span> <span class='ocrx_word' id='word_1_116' title='bbox 221 2507 356 2554; x_wconf 86' lang='lat' dir='ltr'><strong>enarrat.</strong></span> <span class='ocrx_word' id='word_1_117' title='bbox 381 2528 419 2542; x_wconf 88' lang='lat'><strong>-·</strong></span> <span class='ocrx_word' id='word_1_118' title='bbox 442 2493 611 2556; x_wconf 88' lang='lat' dir='ltr'><strong>Theocriti</strong></span> <span class='ocrx_word' id='word_1_119' title='bbox 631 2515 744 2577; x_wconf 87' lang='lat' dir='ltr'><strong>poema</strong></span> <span class='ocrx_word' id='word_1_120' title='bbox 767 2514 835 2556; x_wconf 86' lang='lat' dir='ltr'><strong>esse</strong></span> <span class='ocrx_word' id='word_1_121' title='bbox 848 2498 1001 2558; x_wconf 87' lang='lat' dir='ltr'><strong>nonnulli</strong></span> <span class='ocrx_word' id='word_1_122' title='bbox 1018 2493 1182 2566; x_wconf 85' lang='lat' dir='ltr'><strong>dubitant.</strong></span> 
     </span>
     <span class='ocr_line' id='line_1_17' title="bbox 112 2575 1187 2660; baseline 0.002 -22"><span class='ocrx_word' id='word_1_123' title='bbox 112 2575 317 2660; x_wconf 83' lang='lat' dir='ltr'><strong>Stolbergius</strong></span> <span class='ocrx_word' id='word_1_124' title='bbox 341 2576 396 2654; x_wconf 87' lang='lat' dir='ltr'><strong>(in</strong></span> <span class='ocrx_word' id='word_1_125' title='bbox 419 2579 525 2643; x_wconf 82' lang='lat' dir='ltr'><strong>Praei.</strong></span> <span class='ocrx_word' id='word_1_126' title='bbox 549 2577 590 2639; x_wconf 89' lang='lat' dir='ltr'><strong>ad</strong></span> <span class='ocrx_word' id='word_1_127' title='bbox 611 2579 764 2640; x_wconf 81' lang='lat' dir='ltr'><strong>Gediclrte</strong></span> <span class='ocrx_word' id='word_1_128' title='bbox 782 2602 844 2640; x_wconf 85' lang='lat' dir='ltr'><strong>oua</strong></span> <span class='ocrx_word' id='word_1_129' title='bbox 866 2579 935 2640; x_wconf 82' lang='lat' dir='ltr'><strong>dem</strong></span> <span class='ocrx_word' id='word_1_130' title='bbox 959 2581 1187 2642; x_wconf 79' lang='lat' dir='ltr'><strong>Grisclrs&#39;scitsrs</strong></span> 
     </span>
    </p>
   </div>
   <div class='ocr_carea' id='block_1_3' title="bbox 112 2661 1299 2752">
    <p class='ocr_par' dir='ltr' id='par_1_3' title="bbox 112 2661 1299 2752">
     <span class='ocr_line' id='line_1_18' title="bbox 112 2661 1299 2752; baseline 0.003 -30"><span class='ocrx_word' id='word_1_131' title='bbox 112 2661 272 2730; x_wconf 78' lang='lat' dir='ltr'><strong>ribersetst</strong></span> <span class='ocrx_word' id='word_1_132' title='bbox 291 2683 323 2745; x_wconf 89' lang='lat' dir='ltr'><strong>p.</strong></span> <span class='ocrx_word' id='word_1_133' title='bbox 337 2662 446 2746; x_wconf 89' lang='lat' dir='ltr'><strong>XIH.)</strong></span> <span class='ocrx_word' id='word_1_134' title='bbox 470 2663 661 2726; x_wconf 86' lang='lat' dir='ltr'><strong>sententiam</strong></span> <span class='ocrx_word' id='word_1_135' title='bbox 683 2684 811 2739; x_wconf 89' lang='lat' dir='ltr'><strong>eorum,</strong></span> <span class='ocrx_word' id='word_1_136' title='bbox 842 2663 900 2749; x_wconf 89' lang='lat' dir='ltr'><strong>qui</strong></span> <span class='ocrx_word' id='word_1_137' title='bbox 920 2661 961 2726; x_wconf 88' lang='lat' dir='ltr'><strong>ad</strong></span> <span class='ocrx_word' id='word_1_138' title='bbox 979 2663 1182 2742; x_wconf 85' lang='lat' dir='ltr'><strong>Pisandrum,</strong></span> <span class='ocrx_word' id='word_1_139' title='bbox 1295 2734 1299 2752; x_wconf 49' lang='grc' dir='ltr'>Ι</span> 
     </span>
    </p>
   </div>
   <div class='ocr_carea' id='block_1_4' title="bbox 98 2745 1222 3934">
    <p class='ocr_par' dir='ltr' id='par_1_4' title="bbox 98 2745 1222 3934">
     <span class='ocr_line' id='line_1_19' title="bbox 112 2745 1184 2834; baseline 0.003 -28"><span class='ocrx_word' id='word_1_140' title='bbox 112 2745 252 2828; x_wconf 87' lang='lat' dir='ltr'><strong>Tyrtaei</strong></span> <span class='ocrx_word' id='word_1_141' title='bbox 266 2751 428 2833; x_wconf 87' lang='lat' dir='ltr'><strong>aequalem</strong></span> <span class='ocrx_word' id='word_1_142' title='bbox 444 2747 669 2832; x_wconf 75' lang='lat' dir='ltr'><strong>(saeculoVTI.</strong></span> <span class='ocrx_word' id='word_1_143' title='bbox 680 2762 753 2809; x_wconf 88' lang='lat' dir='ltr'><strong>ante</strong></span> <span class='ocrx_word' id='word_1_144' title='bbox 763 2745 865 2834; x_wconf 76' lang='lat' dir='ltr'><strong>Chr),</strong></span> <span class='ocrx_word' id='word_1_145' title='bbox 882 2750 1030 2812; x_wconf 84' lang='lat' dir='ltr'><strong>referunt</strong></span> <span class='ocrx_word' id='word_1_146' title='bbox 1044 2771 1184 2831; x_wconf 82' lang='lat' dir='ltr'><strong>carmen,</strong></span> 
     </span>
     <span class='ocr_line' id='line_1_20' title="bbox 109 2831 1183 2981; baseline 0.004 -89"><span class='ocrx_word' id='word_1_147' title='bbox 109 2831 254 2892; x_wconf 87' lang='lat' dir='ltr'><strong>maxime</strong></span> <span class='ocrx_word' id='word_1_148' title='bbox 268 2831 468 2914; x_wconf 86' lang='lat' dir='ltr'><strong>probabilem</strong></span> <span class='ocrx_word' id='word_1_149' title='bbox 492 2855 560 2895; x_wconf 85' lang='lat' dir='ltr'><strong>esse</strong></span> <span class='ocrx_word' id='word_1_150' title='bbox 580 2831 714 2894; x_wconf 88' lang='lat' dir='ltr'><strong>iudicat.</strong></span> <span class='ocrx_word' id='word_1_151' title='bbox 756 2833 883 2896; x_wconf 85' lang='lat' dir='ltr'><strong>Pariter</strong></span> <span class='ocrx_word' id='word_1_152' title='bbox 897 2832 1183 2981; x_wconf 39' lang='lat' dir='ltr'><strong>Koeppeninsgin</strong></span> 
     </span>
     <span class='ocr_line' id='line_1_21' title="bbox 109 2913 1182 3005; baseline 0.01 -29"><span class='ocrx_word' id='word_1_153' title='bbox 109 2913 214 2978; x_wconf 84' lang='lat' dir='ltr'><strong>libro:</strong></span> <span class='ocrx_word' id='word_1_154' title='bbox 247 2917 451 2978; x_wconf 80' lang='lat' dir='ltr'><strong>Grieclss&#39;solrs</strong></span> <span class='ocrx_word' id='word_1_155' title='bbox 469 2918 664 2980; x_wconf 82' lang='lat' dir='ltr'><strong>Blumenlese</strong></span> <span class='ocrx_word' id='word_1_156' title='bbox 685 2921 743 2983; x_wconf 90' lang='lat' dir='ltr'><strong>To.</strong></span> <span class='ocrx_word' id='word_1_157' title='bbox 758 2921 784 2982; x_wconf 95' lang='grc' dir='ltr'><strong>Ι.</strong></span> <span class='ocrx_word' id='word_1_158' title='bbox 807 2941 839 3002; x_wconf 88' lang='lat' dir='ltr'><strong>p.</strong></span> <span class='ocrx_word' id='word_1_159' title='bbox 858 2918 917 3002; x_wconf 68' lang='lat'><strong>14?</strong></span> <span class='ocrx_word' id='word_1_160' title='bbox 934 2941 1005 3005; x_wconf 86' lang='lat' dir='ltr'><strong>sqq.</strong></span> <span class='ocrx_word' id='word_1_161' title='bbox 1027 2923 1101 2982; x_wconf 87' lang='lat' dir='ltr'><strong>coll.</strong></span> <span class='ocrx_word' id='word_1_162' title='bbox 1150 2941 1182 2987; x_wconf 81' lang='grc' dir='ltr'><strong>ο.</strong></span> 
     </span>
     <span class='ocr_line' id='line_1_22' title="bbox 107 2997 1222 3088; baseline 0.005 -26"><span class='ocrx_word' id='word_1_163' title='bbox 107 2997 173 3062; x_wconf 91' lang='grc' dir='ltr'><strong>ΠΙ.</strong></span> <span class='ocrx_word' id='word_1_164' title='bbox 191 3021 226 3083; x_wconf 88' lang='lat' dir='ltr'><strong>p.</strong></span> <span class='ocrx_word' id='word_1_165' title='bbox 236 2999 369 3088; x_wconf 89' lang='lat' dir='ltr'><strong>CXIX.)</strong></span> <span class='ocrx_word' id='word_1_166' title='bbox 382 3018 511 3086; x_wconf 84' lang='lat' dir='ltr'><strong>poetam</strong></span> <span class='ocrx_word' id='word_1_167' title='bbox 525 3001 701 3065; x_wconf 88' lang='lat' dir='ltr'><strong>Theocrito</strong></span> <span class='ocrx_word' id='word_1_168' title='bbox 715 3003 783 3064; x_wconf 84' lang='lat' dir='ltr'><strong>anti</strong></span> <span class='ocrx_word' id='word_1_169' title='bbox 806 3005 933 3066; x_wconf 90' lang='lat' dir='ltr'><strong>uiorem</strong></span> <span class='ocrx_word' id='word_1_170' title='bbox 946 3003 981 3066; x_wconf 90' lang='lat' dir='ltr'><strong>id</strong></span> <span class='ocrx_word' id='word_1_171' title='bbox 996 3002 1184 3068; x_wconf 79' lang='lat' dir='ltr'><strong>condidisse</strong></span> <span class='ocrx_word' id='word_1_172' title='bbox 1218 3019 1222 3030; x_wconf 83' lang='grc'><em>’</em></span> 
     </span>
     <span class='ocr_line' id='line_1_23' title="bbox 107 3025 1185 3178; baseline 0.008 -34"><span class='ocrx_word' id='word_1_173' title='bbox 107 3077 308 3160; x_wconf 75' lang='lat' dir='ltr'><strong>arbitratur,</strong></span> <span class='ocrx_word' id='word_1_174' title='bbox 331 3083 388 3147; x_wconf 89' lang='lat' dir='ltr'><strong>sed</strong></span> <span class='ocrx_word' id='word_1_175' title='bbox 409 3103 515 3152; x_wconf 86' lang='lat' dir='ltr'><strong>vtrnm</strong></span> <span class='ocrx_word' id='word_1_176' title='bbox 536 3087 692 3149; x_wconf 84' lang='lat' dir='ltr'><strong>Pisander</strong></span> <span class='ocrx_word' id='word_1_177' title='bbox 715 3109 755 3148; x_wconf 88' lang='lat' dir='ltr'><strong>an</strong></span> <span class='ocrx_word' id='word_1_178' title='bbox 783 3025 935 3170; x_wconf 52' lang='lat' dir='ltr'><strong>Panyasis</strong></span> <span class='ocrx_word' id='word_1_179' title='bbox 958 3088 1033 3178; x_wconf 84' lang='lat' dir='ltr'><strong>(sec.</strong></span> <span class='ocrx_word' id='word_1_180' title='bbox 1050 3087 1089 3154; x_wconf 88' lang='lat' dir='ltr'><strong>V.</strong></span> <span class='ocrx_word' id='word_1_181' title='bbox 1106 3102 1185 3152; x_wconf 79' lang='lat' dir='ltr'><strong>anto</strong></span> 
     </span>
     <span class='ocr_line' id='line_1_24' title="bbox 109 3167 1184 3255; baseline 0.007 -26"><span class='ocrx_word' id='word_1_182' title='bbox 109 3167 211 3255; x_wconf 90' lang='lat' dir='ltr'><strong>Chr.)</strong></span> <span class='ocrx_word' id='word_1_183' title='bbox 231 3185 344 3233; x_wconf 86' lang='lat' dir='ltr'><strong>auctor</strong></span> <span class='ocrx_word' id='word_1_184' title='bbox 367 3169 530 3254; x_wconf 87' lang='lat' dir='ltr'><strong>putandus</strong></span> <span class='ocrx_word' id='word_1_185' title='bbox 553 3171 615 3246; x_wconf 86' lang='lat' dir='ltr'><strong>ait,</strong></span> <span class='ocrx_word' id='word_1_186' title='bbox 640 3173 836 3236; x_wconf 82' lang='lat' dir='ltr'><strong>constituere</strong></span> <span class='ocrx_word' id='word_1_187' title='bbox 853 3194 921 3235; x_wconf 89' lang='lat' dir='ltr'><strong>non</strong></span> <span class='ocrx_word' id='word_1_188' title='bbox 936 3169 1042 3239; x_wconf 87' lang='lat' dir='ltr'><strong>sudet.</strong></span> <span class='ocrx_word' id='word_1_189' title='bbox 1085 3173 1184 3236; x_wconf 78' lang='lat' dir='ltr'><strong>Hanc</strong></span> 
     </span>
     <span class='ocr_line' id='line_1_25' title="bbox 105 3255 1182 3343; baseline 0.005 -28"><span class='ocrx_word' id='word_1_190' title='bbox 105 3255 308 3316; x_wconf 86' lang='lat' dir='ltr'><strong>sententiam</strong></span> <span class='ocrx_word' id='word_1_191' title='bbox 326 3256 401 3318; x_wconf 85' lang='lat' dir='ltr'><strong>ratis</strong></span> <span class='ocrx_word' id='word_1_192' title='bbox 425 3257 584 3318; x_wconf 81' lang='lat' dir='ltr'><strong>refutavit</strong></span> <span class='ocrx_word' id='word_1_193' title='bbox 602 3256 826 3318; x_wconf 87' lang='lat' dir='ltr'><strong>Eicbstadtius</strong></span> <span class='ocrx_word' id='word_1_194' title='bbox 844 3280 879 3340; x_wconf 92' lang='lat' dir='ltr'><strong>p.</strong></span> <span class='ocrx_word' id='word_1_195' title='bbox 904 3255 945 3324; x_wconf 79' lang='lat'><strong>54</strong></span> <span class='ocrx_word' id='word_1_196' title='bbox 959 3281 1004 3342; x_wconf 90' lang='lat' dir='ltr'><strong>sq.</strong></span> <span class='ocrx_word' id='word_1_197' title='bbox 1029 3257 1087 3343; x_wconf 89' lang='lat' dir='ltr'><strong>qui</strong></span> <span class='ocrx_word' id='word_1_198' title='bbox 1108 3257 1182 3341; x_wconf 84' lang='lat' dir='ltr'><strong>ipse</strong></span> 
     </span>
     <span class='ocr_line' id='line_1_26' title="bbox 106 3339 1182 3423; baseline 0.003 -22"><span class='ocrx_word' id='word_1_199' title='bbox 106 3360 184 3401; x_wconf 88' lang='lat' dir='ltr'><strong>curn</strong></span> <span class='ocrx_word' id='word_1_200' title='bbox 207 3339 332 3402; x_wconf 86' lang='lat' dir='ltr'><strong>Beclrio</strong></span> <span class='ocrx_word' id='word_1_201' title='bbox 357 3363 390 3423; x_wconf 93' lang='lat' dir='ltr'><strong>p.</strong></span> <span class='ocrx_word' id='word_1_202' title='bbox 404 3343 456 3404; x_wconf 84' lang='lat'><strong>42.</strong></span> <span class='ocrx_word' id='word_1_203' title='bbox 478 3339 651 3422; x_wconf 79' lang='lat' dir='ltr'><strong>Rhapsodo</strong></span> <span class='ocrx_word' id='word_1_204' title='bbox 670 3339 893 3414; x_wconf 80' lang='lat' dir='ltr'><strong>Alexandrino</strong></span> <span class='ocrx_word' id='word_1_205' title='bbox 915 3341 951 3404; x_wconf 93' lang='lat' dir='ltr'><strong>id</strong></span> <span class='ocrx_word' id='word_1_206' title='bbox 973 3341 1182 3405; x_wconf 86' lang='lat' dir='ltr'><strong>tribuendum</strong></span> 
     </span>
     <span class='ocr_line' id='line_1_27' title="bbox 107 3425 1178 3573; baseline 0.007 -88"><span class='ocrx_word' id='word_1_207' title='bbox 107 3443 180 3485; x_wconf 82' lang='lat' dir='ltr'><strong>esse</strong></span> <span class='ocrx_word' id='word_1_208' title='bbox 203 3425 379 3490; x_wconf 82' lang='lat' dir='ltr'><strong>existimat.</strong></span> <span class='ocrx_word' id='word_1_209' title='bbox 402 3463 444 3474; x_wconf 93' lang='lat'><em>-</em></span> <span class='ocrx_word' id='word_1_210' title='bbox 467 3425 672 3488; x_wconf 86' lang='lat' dir='ltr'><strong>Hermannus</strong></span> <span class='ocrx_word' id='word_1_211' title='bbox 695 3440 800 3488; x_wconf 86' lang='lat' dir='ltr'><strong>tamen</strong></span> <span class='ocrx_word' id='word_1_212' title='bbox 820 3425 861 3488; x_wconf 90' lang='lat' dir='ltr'><strong>ad</strong></span> <span class='ocrx_word' id='word_1_213' title='bbox 883 3425 1050 3512; x_wconf 90' lang='lat' dir='ltr'><strong>Orpheum</strong></span> <span class='ocrx_word' id='word_1_214' title='bbox 1071 3449 1101 3512; x_wconf 93' lang='lat' dir='ltr'><strong>p.</strong></span> <span class='ocrx_word' id='word_1_215' title='bbox 1116 3425 1178 3573; x_wconf 53' lang='lat'><strong>621</strong></span> 
     </span>
     <span class='ocr_line' id='line_1_28' title="bbox 104 3508 1183 3596; baseline 0.002 -26"><span class='ocrx_word' id='word_1_216' title='bbox 104 3531 152 3594; x_wconf 85' lang='lat' dir='ltr'><strong>sq,</strong></span> <span class='ocrx_word' id='word_1_217' title='bbox 179 3508 350 3570; x_wconf 90' lang='lat' dir='ltr'><strong>Theocriti</strong></span> <span class='ocrx_word' id='word_1_218' title='bbox 372 3510 508 3596; x_wconf 88' lang='lat' dir='ltr'><strong>ingenio</strong></span> <span class='ocrx_word' id='word_1_219' title='bbox 530 3527 599 3573; x_wconf 84' lang='lat' dir='ltr'><strong>non</strong></span> <span class='ocrx_word' id='word_1_220' title='bbox 614 3509 785 3596; x_wconf 87' lang='lat' dir='ltr'><strong>indignum</strong></span> <span class='ocrx_word' id='word_1_221' title='bbox 800 3511 906 3574; x_wconf 81' lang='lat' dir='ltr'><strong>rideri</strong></span> <span class='ocrx_word' id='word_1_222' title='bbox 921 3528 1041 3575; x_wconf 86' lang='lat' dir='ltr'><strong>censet.</strong></span> <span class='ocrx_word' id='word_1_223' title='bbox 1063 3547 1127 3572; x_wconf 90' lang='lat'><strong>-.</strong></span> <span class='ocrx_word' id='word_1_224' title='bbox 1159 3509 1183 3572; x_wconf 92' lang='lat' dir='ltr'><strong>d</strong></span> 
     </span>
     <span class='ocr_line' id='line_1_29' title="bbox 101 3593 1182 3680; baseline -0.001 -24"><span class='ocrx_word' id='word_1_225' title='bbox 101 3593 349 3656; x_wconf 87' lang='lat' dir='ltr'><strong>restituendum</strong></span> <span class='ocrx_word' id='word_1_226' title='bbox 377 3595 492 3680; x_wconf 85' lang='lat' dir='ltr'><strong>Idyllii</strong></span> <span class='ocrx_word' id='word_1_227' title='bbox 522 3593 653 3656; x_wconf 90' lang='lat' dir='ltr'><strong>initium</strong></span> <span class='ocrx_word' id='word_1_228' title='bbox 681 3593 808 3658; x_wconf 81' lang='lat' dir='ltr'><strong>effinxit</strong></span> <span class='ocrx_word' id='word_1_229' title='bbox 838 3598 916 3660; x_wconf 90' lang='lat' dir='ltr'><strong>olim</strong></span> <span class='ocrx_word' id='word_1_230' title='bbox 941 3595 1182 3668; x_wconf 60' lang='lat' dir='ltr'><strong>,Grammaticus</strong></span> 
     </span>
     <span class='ocr_line' id='line_1_30' title="bbox 102 3679 1181 3765; baseline 0.003 -28"><span class='ocrx_word' id='word_1_231' title='bbox 102 3679 246 3761; x_wconf 89' lang='lat' dir='ltr'><strong>quidam</strong></span> <span class='ocrx_word' id='word_1_232' title='bbox 269 3699 448 3760; x_wconf 83' lang='lat' dir='ltr'><strong>anonymus</strong></span> <span class='ocrx_word' id='word_1_233' title='bbox 477 3702 588 3744; x_wconf 87' lang='lat' dir='ltr'><strong>versus</strong></span> <span class='ocrx_word' id='word_1_234' title='bbox 612 3682 740 3764; x_wconf 89' lang='lat' dir='ltr'><strong>aliquos</strong></span> <span class='ocrx_word' id='word_1_235' title='bbox 761 3681 839 3744; x_wconf 86' lang='lat' dir='ltr'><strong>satis</strong></span> <span class='ocrx_word' id='word_1_236' title='bbox 858 3683 1016 3761; x_wconf 85' lang='lat' dir='ltr'><strong>insulsos,</strong></span> <span class='ocrx_word' id='word_1_237' title='bbox 1062 3679 1181 3765; x_wconf 88' lang='lat' dir='ltr'><strong>quiin</strong></span> 
     </span>
     <span class='ocr_line' id='line_1_31' title="bbox 101 3761 1179 3850; baseline 0.005 -28"><span class='ocrx_word' id='word_1_238' title='bbox 101 3765 284 3824; x_wconf 87' lang='lat' dir='ltr'><strong>nonnullis</strong></span> <span class='ocrx_word' id='word_1_239' title='bbox 315 3764 477 3827; x_wconf 85' lang='lat' dir='ltr'><strong>veteribus</strong></span> <span class='ocrx_word' id='word_1_240' title='bbox 497 3761 568 3826; x_wconf 89' lang='lat' dir='ltr'><strong>edd.</strong></span> <span class='ocrx_word' id='word_1_241' title='bbox 590 3779 627 3828; x_wconf 86' lang='lat' dir='ltr'><strong>vt</strong></span> <span class='ocrx_word' id='word_1_242' title='bbox 647 3765 825 3828; x_wconf 85' lang='lat' dir='ltr'><strong>Basilecnsi</strong></span> <span class='ocrx_word' id='word_1_243' title='bbox 848 3789 875 3830; x_wconf 88' lang='lat' dir='ltr'><strong>a.</strong></span> <span class='ocrx_word' id='word_1_244' title='bbox 901 3767 992 3832; x_wconf 84' lang='lat'><strong>1550.</strong></span> <span class='ocrx_word' id='word_1_245' title='bbox 1014 3771 1179 3850; x_wconf 86' lang='lat' dir='ltr'><strong>leguntur.</strong></span> 
     </span>
     <span class='ocr_line' id='line_1_32' title="bbox 98 3845 1178 3934; baseline 0.002 -26"><span class='ocrx_word' id='word_1_246' title='bbox 98 3845 172 3908; x_wconf 86' lang='lat' dir='ltr'><strong>Ios.</strong></span> <span class='ocrx_word' id='word_1_247' title='bbox 196 3847 342 3932; x_wconf 86' lang='lat' dir='ltr'><strong>Scaliger</strong></span> <span class='ocrx_word' id='word_1_248' title='bbox 359 3871 489 3934; x_wconf 89' lang='lat' dir='ltr'><strong>quoque</strong></span> <span class='ocrx_word' id='word_1_249' title='bbox 506 3871 560 3912; x_wconf 87' lang='lat' dir='ltr'><strong>eos</strong></span> <span class='ocrx_word' id='word_1_250' title='bbox 582 3851 718 3932; x_wconf 86' lang='lat' dir='ltr'><strong>repetiit</strong></span> <span class='ocrx_word' id='word_1_251' title='bbox 732 3851 768 3911; x_wconf 90' lang='lat' dir='ltr'><strong>iu</strong></span> <span class='ocrx_word' id='word_1_252' title='bbox 782 3849 968 3920; x_wconf 85' lang='lat' dir='ltr'><strong>Emendatt.</strong></span> <span class='ocrx_word' id='word_1_253' title='bbox 982 3849 1022 3912; x_wconf 86' lang='lat' dir='ltr'><strong>ad</strong></span> <span class='ocrx_word' id='word_1_254' title='bbox 1039 3848 1178 3930; x_wconf 76' lang='lat' dir='ltr'><strong>Theocr-</strong></span> 
     </span>
    </p>
   </div>
   <div class='ocr_carea' id='block_1_5' title="bbox 97 3930 714 4020">
    <p class='ocr_par' dir='ltr' id='par_1_5' title="bbox 97 3930 714 4020">
     <span class='ocr_line' id='line_1_33' title="bbox 97 3930 714 4020; baseline 0.013 -27"><span class='ocrx_word' id='word_1_255' title='bbox 97 3931 154 4016; x_wconf 89' lang='lat' dir='ltr'><strong>(in</strong></span> <span class='ocrx_word' id='word_1_256' title='bbox 174 3930 228 3998; x_wconf 88' lang='lat' dir='ltr'><strong>ed.</strong></span> <span class='ocrx_word' id='word_1_257' title='bbox 241 3931 371 3996; x_wconf 85' lang='lat' dir='ltr'><strong>Reisbri</strong></span> <span class='ocrx_word' id='word_1_258' title='bbox 392 3937 455 4006; x_wconf 89' lang='lat' dir='ltr'><strong>To.</strong></span> <span class='ocrx_word' id='word_1_259' title='bbox 469 3954 500 4004; x_wconf 81' lang='lat' dir='ltr'><strong>a.</strong></span> <span class='ocrx_word' id='word_1_260' title='bbox 514 3957 549 4020; x_wconf 89' lang='lat' dir='ltr'><strong>p.</strong></span> <span class='ocrx_word' id='word_1_261' title='bbox 563 3933 614 4002; x_wconf 78' lang='lat'><strong>46.</strong></span> <span class='ocrx_word' id='word_1_262' title='bbox 633 3933 714 4018; x_wconf 64' lang='lat' dir='ltr'><strong>ip).</strong></span> 
     </span>
    </p>
   </div>
   <div class='ocr_carea' id='block_1_6' title="bbox 0 0 1480 5024">
    <p class='ocr_par' dir='ltr' id='par_1_6' title="bbox 0 0 1480 5024">
     <span class='ocr_line' id='line_1_34' title="bbox 0 0 1480 5024; baseline 0 7"><span class='ocrx_word' id='word_1_263' title='bbox 0 0 1480 5024; x_wconf 95' lang='lat' dir='ltr'><strong> </strong></span> 
     </span>
    </p>
   </div>
  </div>
 </body>
</html>
