2866 5002
255 432 326 528 ut
422 433 532 498 rso-
566 373 838 500 uon'nnnu
880 431 1163 498 urrsront

267 657 270 662 .
329 605 460 668 Servius
472 625 549 670 vero
566 627 637 668 cum
654 601 694 666 sd
712 601 796 664 illud
808 601 1023 689 virgilianum
1039 604 1080 666 de
1094 607 1238 680 Venere,
1257 605 1348 687 Ipsa

329 693 480 773 Paphum
500 693 647 771 ttulimus
663 690 747 764 abts,
776 688 824 750 sio
840 687 971 750 scribit:
1003 691 1113 750 diuino
1127 696 1281 762 incessu,
1302 693 1351 750 id
1422 763 1423 766 Ἴ

331 789 379 836 est
394 776 580 848 sublimiter,
605 772 888 848 innuereridetur,
896 775 1044 836 Deorum
1057 775 1224 836 incessum
1240 776 1349 835 intel·

332 861 413 944 ligi,
440 884 512 922 cum
540 858 675 922 sublime
701 859 860 920 feruntur.
904 855 966 920 Sed
992 857 1149 943 quicquid
1168 859 1346 920 Homeros
1423 867 1424 870 ’

184 959 186 964 “
270 995 273 1000 .
333 965 372 1006 es
390 945 425 1006 in
440 967 474 1008 rs
499 943 648 1016 senserit,
679 940 762 1002 illud
781 940 876 1003 nobis
897 942 1152 1026 compendifecit
1171 943 1345 1004 Heliodo-
1423 935 1425 981 l

270 1077 275 1086 .
333 1051 408 1104 rus,
467 1029 532 1094 uod
552 1026 789 1111 Aegyptiorum
816 1025 995 1088 doctrinam
1018 1026 1192 1088 didicimus
1217 1027 1261 1090 de
1289 1029 1346 1086 in·
1423 1041 1424 1052 ²

334 1135 425 1176 cessu
437 1053 581 1178 Deorum
598 1111 715 1195 ubsque
730 1115 797 1174 ullo
818 1109 937 1193 pedum
950 1133 1029 1184 usu;
1059 1111 1341 1194 quemadmodum

333 1199 546 1262 membrorum
574 1195 717 1258 omnium
748 1217 841 1258 usum
864 1195 941 1256 Diis
968 1194 1127 1256 adimebat
1155 1198 1338 1278 Epicurus,

334 1295 417 1346 teste
432 1283 480 1346 Μ.
496 1281 620 1342 Tullio.
644 1283 696 1340 Ex
713 1301 768 1355 eo,
793 1280 827 1340 ni
841 1281 952 1354 fallor,
977 1281 1179 1342 occasionem
1193 1279 1339 1342 ludendi

335 1367 473 1450 erripuit
491 1365 648 1448 Apuleius
676 1364 758 1426 libro
777 1362 1085 1446 Metamorphoseon
1106 1366 1247 1440 ultimo,
1280 1364 1337 1424 ubi

334 1451 430 1526 Isidis
453 1472 527 1532 pom
552 1471 600 1510 am
616 1448 787 1522 describit3
817 1447 905 1534 quod
925 1449 1009 1509 enim
1029 1449 1065 1510 in
1084 1469 1147 1509 usu
1169 1471 1264 1510 nuno
1276 1465 1337 1522 est,

336 1550 376 1596 ut
391 1471 566 1616 sliquando
584 1555 701 1616 pueros
720 1533 917 1618 Angelorum
931 1533 1188 1616 Sanctorumque
1204 1535 1337 1614 Msrty·

336 1643 406 1682 tum
427 1618 541 1680 habitu
560 1617 708 1682 incedere
724 1619 880 1678 faciemus
902 1617 937 1678 in
953 1619 1049 1678 moris
1070 1620 1221 1701 pompis,
1255 1638 1336 1702 quse

337 1707 558 1766 Processs'onss
586 1705 805 1784 appellantur,
848 1699 883 1760 id
910 1716 942 1762 et
965 1702 1116 1767 Etbnicis
1138 1719 1336 1786 usurpatum

336 1787 412 1851 fuit.
454 1787 568 1870 Itaque
584 1788 744 1869 Apuleius
760 1784 799 1848 de
820 1786 878 1859 iis,
910 1785 967 1868 qui
987 1787 1229 1870 Aegyptiorum
1246 1790 1336 1848 Deo·

337 1893 406 1934 rum
421 1873 524 1933 forma
538 1884 570 1930 et
584 1871 768 1954 insignibus
785 1871 890 1932 ornati
905 1886 995 1934 erunt
1010 1872 1044 1932 iu
1060 1893 1179 1953 pompe
1197 1873 1261 1932 ills
1278 1871 1344 1931 lsi-¹

337 1975 404 2027 soe,
423 1956 468 2015 ita
485 1953 598 2018 ludens
612 1955 773 2038 loquitur:
799 1959 865 2016 Nee
882 1977 971 2016 more
979 2001 991 2028 ,
1013 1975 1084 2016 cum
1095 1959 1179 2028 Dei,
1200 1957 1340 2038 dignati
1429 1961 1430 1981 ¹

332 2039 467 2119 pedibus
481 2040 630 2102 humanis
646 2039 803 2114 irtcedsre,
822 2040 978 2119 prodeunt
985 2063 997 2114 ;
1020 2040 1112 2123 qussi
1131 2039 1238 2115 dicet,
1269 2060 1337 2100 non

337 2143 396 2200 eo,
428 2145 492 2208 quo
515 2124 578 2183 Dii
601 2129 724 2200 solent,
753 2123 849 2186 modo
872 2137 951 2184 tunc
973 2125 1165 2197 ambulasse,
1198 2125 1266 2186 hoc
1287 2137 1339 2184 est

336 2207 458 2292 absquo
478 2211 599 2268 alterno
616 2207 733 2290 pedum
754 2222 864 2283 motu,
896 2206 962 2283 sed,
988 2224 1025 2269 ut
1041 2210 1231 2274 Arnobinno
1245 2229 1337 2270 more

337 2305 371 2350 et
383 2291 485 2354 verbis
500 2295 632 2373 loquar,
660 2294 948 2372 anticipationibus
960 2297 1114 2366 itionum,
1145 2296 1223 2378 quie
1237 2292 1336 2354 nimi·

336 2397 407 2438 rum
438 2397 505 2438 non
529 2375 666 2452 divinis,
706 2376 762 2438 sed
783 2377 930 2442 humanis
960 2377 1096 2460 pedibus
1127 2377 1334 2440 incedebant.

334 2459 538 2542 Huiusmodi
563 2459 602 2521 de
614 2461 740 2522 incessu
753 2462 898 2524 Deorum
921 2462 1007 2546 opud
1022 2464 1201 2547 Aegyptios
1216 2462 1336 2545 opinio

336 2545 735 2625 permovitTheocritum,
758 2559 795 2606 ut
810 2548 900 2610 Deos
915 2551 1089 2629 appellaret
1101 2549 1227 2622 νέποδες
1233 2571 1246 2624 3
1260 2565 1335 2630 -quo

339 2629 485 2710 epitheto
502 2629 605 2710 pisces
627 2635 696 2713 jure
711 2630 852 2712 optimo,
884 2631 1003 2714 quibus
1023 2634 1107 2698 nulli
1122 2649 1200 2695 suut
1218 2631 1332 2716 pedes,

339 2710 512 2797 insignivit
533 2713 712 2794 Oppianus.
741 2716 789 2775 Ac
804 2739 843 2776 ue
867 2717 938 2800 quis
959 2717 1103 2793 miretur,
1125 2720 1252 2791 νέποδες
1274 2734 1333 2775 V0·

340 2797 406 2857 ceri
421 2799 523 2870 Deos,
547 2798 604 2880 qni
620 2797 717 2880 pedes
732 2799 896 2875 heberent,
920 2802 948 2860 is
965 2803 1060 2864 velim
1077 2804 1110 2862 iu
1126 2818 1266 2864 mentem
1284 2819 1333 2858 re·

338 2896 447 2954 vocet,
463 2881 576 2958 ductis,-
590 2903 719 2965 quoque
732 2883 799 2945 dici
815 2883 1025 2947 hirundinum
1040 2909 1139 2972 genus
1156 2885 1331 2970 quoddam,

339 2985 422 3048 quac
441 2965 558 3047 pedum
577 2988 637 3028 usu
657 2969 762 3030 minus
782 2974 906 3042 velent,
937 2973 1082 3053 quamvis
1101 2971 1239 3054 pedibus
1263 2989 1332 3030 nou

279 3087 282 3092 -
338 3064 478 3113 careant.
528 3051 646 3112 Versus
675 3052 845 3116 Theocriti
872 3052 927 3114 hic
955 3053 1130 3118 describam
1161 3078 1202 3118 ex
1222 3053 1331 3117 XVII.
1428 3091 1429 3128 p

338 3131 478 3212 ldyllio,
501 3134 559 3196 ubi
581 3136 636 3211 nit,
654 3137 824 3198 Herculem
837 3139 961 3212 laetari,
980 3155 1114 3222 nepotes
1130 3163 1206 3202 suos
1223 3141 1332 3201 Ptole·

338 3217 420 3280 maci
434 3220 658 3304 progenitores
673 3221 708 3280 in
726 3223 871 3282 Deorum
886 3243 1052 3291 numerum
1064 3230 1184 3290 relatos
1199 3247 1287 3290 esses

438 3353 552 3421 Χαίρων
564 3351 665 3408 clover
676 3352 820 3421 περιώσιον
832 3351 978 3419 οἶοννοῖοιν.

435 3416 515 3474 ”orn
529 3427 615 3493 οφέον
629 3421 768 3490 Κρονίδαο
778 3423 881 3489 μελέων
894 3423 1010 3489 ἐξείλετο
1022 3423 1117 3498 γῆρας·

438 3483 594 3544 Ἀθάνατοι
608 3487 637 3546 di
651 3489 810 3555 suisium,
828 3498 891 3548 &sol
904 3491 1018 3551 νέποδοο
1032 3497 1172 3566 ysysuitss.

435 3555 489 3610 llo
502 3577 565 3610 suos
577 3559 681 3629 gaudet
697 3560 784 3630 longa
798 3561 831 3611 «le
845 3563 934 3630 stirpe
950 3575 1074 3632 nepotes,

443 3623 529 3702 (lusis
540 3631 617 3682 sertio
635 3640 748 3682 verutos
762 3632 863 3686 excutit
880 3631 1012 3702 Iuppiter·
1027 3645 1114 3701 ortus,

437 3700 577 3758 Aeternos
592 3697 647 3751 dici
660 3669 754 3761 «iiiios,
772 3697 943 3774 pedibusque
957 3713 1088 3756 carentes.

339 3831 521 3896 Csssuboni
540 3834 800 3916 interpretationi
821 3859 887 3900 non
902 3841 1077 3918 assentior,
1108 3844 1258 3928 quicum
1277 3847 1330 3914 ιε’.

336 3921 427 3994 nodet=
445 3918 617 3999 aliquando
633 3921 716 4001 apud
733 3923 871 3986 Graecos
885 3939 1009 4005 nepotes
1023 3928 1199 4012 significari
1213 3953 1255 3990 ex
1264 3933 1329 3992 Eu·
1427 3943 1428 3948 ’

337 4001 455 4065 ststhio
473 4001 656 4078 didicisset,
690 4026 729 4066 eo
749 4027 844 4069 sensu
860 4008 913 4070 bic
930 4012 1153 4093 scripicndum
1165 4035 1236 4076 esse
1258 4039 1331 4078 cen·

338 4086 420 4158 suit;
447 4107 552 4168 neque
565 4089 712 4165 lleinsii,
737 4092 793 4174 qui
810 4113 849 4154 eo
863 4094 1010 4176 amplius,
1036 4105 1147 4160 contri
1163 4098 1262 4162 fidem
1276 4123 1330 4160 re·

338 4185 440 4230 torum
457 4170 622 4246 librorum,
645 4195 703 4258 pro
717 4181 788 4242 θοοὶ
799 4181 943 4259 reposuit
959 4185 1023 4256 ἑοὶ,
1047 4202 1113 4244 non
1129 4185 1239 4245 ferens
1252 4213 1329 4252 ovs·
