2916 5020
304 453 600 517 THEOCRITI
634 452 904 522 IDYLLION
938 459 1045 526 VIII.
1155 467 1210 534 161

142 623 257 692 Suave
271 635 321 689 est
335 637 461 692 aestate
476 625 519 690 ad
536 623 663 692 vndam
676 619 838 692 fluentem
855 628 918 694 snb
932 627 987 696 dio
1000 636 1207 704 recumbere.
1298 707 1302 712 ,

140 726 295 817 Quercui
318 729 456 814 glandes
480 727 594 792 decori
607 741 706 811 aunt,
722 731 829 812 ,malo
851 733 958 798 malae

138 829 270 900 Vaccae
292 829 435 908 vitulus,
465 827 612 897 bubulco
643 831 749 897 boves
771 829 874 920 ipsae.

179 933 237 1002 Sic
249 932 351 1023 pueri
365 925 577 1008 cecinerunt,
600 946 635 999 et
649 933 822 1026 caprarius
836 935 920 1002 haec
935 935 1041 1006 dixit:

514 1036 827 1107 CAPRARIVS.
851 1093 852 1098 ,

134 1139 244 1206 Dulce
260 1161 297 1204 oa
311 1138 372 1204 tibi
386 1151 452 1220 est,
475 1150 510 1204 et
524 1141 776 1221 vonamabilis,
800 1162 820 1204 c
838 1138 991 1229 Daphni:

133 1243 320 1310 Iucundius
333 1239 383 1308 est
399 1254 575 1308 canentem
592 1255 626 1320 te
641 1231 772 1332 audire,¹
794 1263 897 1329 quem
912 1242 980 1312 mel
993 1241 1134 1332 lingere.

136 1347 231 1433 Cape
253 1343 418 1411 fistulam:
449 1344 558 1410 vicisti
580 1346 672 1412 enim
694 1357 804 1412 cantu.

134 1447 194 1515 Sin
209 1446 292 1534 quid
317 1459 351 1512 et
368 1446 552 1534 meipsum
573 1469 689 1536 capras
705 1470 775 1513 vna
790 1443 985 1536 pascentem
999 1449 1119 1515 docere
1138 1451 1198 1534 vis,

131 1549 228 1618 Illam
246 1549 407 1616 cornibus
422 1549 612 1616 mutilatam
626 1549 789 1637 capellana
805 1571 866 1638 pro
883 1549 1027 1618 docendi
1041 1553 1198 1620 mercede

712 1650 773 1716 tibi
797 1649 894 1732 dabo,

134 1755 235 1848 Quae
255 1777 358 1846 super
379 1779 474 1822 oram
502 1775 638 1843 semper
659 1753 841 1824 mulctram
862 1755 1019 1844 complet.

172 1858 473 1950 Quemadmodum
486 1879 574 1948 puer
588 1855 732 2023 gavisupl
740 1868 798 2028 epp,
814 1867 849 1922 et
864 1857 982 1942 exiliit,
992 1871 1025 1924 et
1036 1859 1194 1948 plausum

735 1981 753 2024 e
792 1971 805 2028 t

130 2133 339 2152 ψ

194 2247 267 2286 cum
280 2221 410 2285 Reiske.
448 2220 591 2308 Scaliger
605 2236 710 2285 tamen
726 2237 759 2286 et
771 2222 937 2286 Portusin
951 2225 1104 2288 Dicticn.
1121 2225 1189 2288 dor.

193 2333 226 2372 v.
241 2305 352 2376 lindio
367 2305 451 2388 (dor.
467 2327 527 2389 pro
540 2305 644 2392 taison)
658 2313 839 2374 maluerunt
858 2311 913 2385 uir
924 2306 981 2392 cip
1030 2336 1081 2392 ος,
1103 2327 1190 2372 etex

195 2392 294 2456 duob.
313 2391 406 2469 codd.
424 2391 469 2452 ita
486 2392 626 2454 correxit
639 2393 751 2456 Valck.
773 2396 870 2458 Harl.
899 2395 993 2476 [Velc
1019 2418 1069 2458 en.
1086 2395 1190 2456 secuti

195 2494 272 2542 tunt
285 2477 385 2540 Dahl.
400 2489 433 2538 et
447 2474 610 2540 Schaefer.
638 2477 730 2538 Mihi
749 2475 802 2554 uic
818 2475 962 2565 σύριγγας
974 2484 1028 2542 vel
1042 2493 1189 2622 propter.

194 2585 231 2626 en
253 2561 383 2624 videtur
405 2561 650 2643 praeferendum
680 2583 765 2641 esse,
802 2563 891 2646 quod
916 2564 1081 2650 genitivus
1129 2585 1189 2623 unc

192 2647 386 2711 senteutiam
400 2643 528 2706 fundit:
544 2646 642 2727 fasee
658 2646 708 2704 die
722 2649 855 2730 Syringe
867 2671 928 2722 αις
952 2645 1039 2732 qnod
1052 2645 1188 2708 hicnon

192 2733 270 2794 setis
285 2747 412 2815 aptum
438 2727 494 2791 sed
512 2728 566 2791 hic
581 2729 766 2816 requiritur,
789 2736 889 2792 nimm
901 2737 957 2808 sie,
979 2746 1017 2797 vt
1029 2729 1188 2793 Adoniaz.

190 2841 222 2884 v.
236 2839 289 2882 21.
303 2815 359 2882 coir
372 2819 575 2900 nepovaeotce
586 2815 685 2891 λαζεῦ.
726 2818 856 2898 dicaci]

150 2941 200 3012 85.
223 2935 260 3012 ui
278 2947 315 3011 dl
330 2971 360 3011 rs
381 2941 452 3007 cdd.
477 2941 561 3028 Aug.
578 2942 721 3026 (Schell.)
739 2942 889 3030 Callierg.
911 2941 1021 3028 Steph.
1034 2945 1185 3008 Warton.

188 3031 381 3093 Brunck.·et
397 3025 552 3091 Vslclsen.
567 3027 594 3094 d
608 3025 655 3094 ἔτι
669 3029 800 3090 Reiske.
830 3035 866 3094 αἰ
887 3031 924 3096 ds'
935 3054 968 3096 as
982 3029 1037 3106 λῆς
1056 3051 1098 3090 cx
1111 3049 1185 3112 Ι1110

191 3115 262 3178 cod.
279 3113 477 3176 adnotatum.
499 3147 543 3162 -·
562 3115 616 3192 λῆς
632 3113 702 3175 sine
714 3115 783 3178 iota
797 3113 939 3176 Bruncls.
983 3098 1081 3180 Harl.

148 3219 197 3308 87.
218 3219 372 3285 Eusteth.
387 3223 425 3284 11.
440 3245 468 3286 o.
485 3241 518 3322 p.
535 3217 627 3296 1018,
644 3215 696 3284 24.
712 3237 863 3295 ==102z
885 3219 935 3285 24.
955 3217 974 3286 o'
983 3221 1089 3303 μέντοι
1103 3215 1189 3306 καροῖ

191 3309 345 3392 &sospito
371 3302 519 3389 ἇμολγευς
541 3300 720 3387 normantia
741 3301 972 3412 drysidps’cum
994 3308 1028 3372 ἐν
1041 3305 1072 3388 ᾦ
1090 3303 1187 3387 ἀμέλ-

189 3481 190 3484 ,
207 3419 306 3460 cantv.
350 3385 606 3490 1119111011).
626 3387 717 3488 1615,
741 3389 771 3452 5.
787 3416 831 3447 =
845 3389 917 3476 049,
935 3409 986 3454 20.
1008 3391 1130 3452 Harles.
1147 3387 1186 3450 de

188 3421 251 3538 isac
272 3495 354 3538 voce
376 3489 457 3536 citat
477 3471 568 3534 Porti
587 3475 738 3536 Dictaea.
760 3472 827 3536 dor.
847 3474 879 3537 h.
900 3497 932 3538 v.
952 3511 996 3525 -
1018 3478 1097 3537 Tres
1114 3472 1186 3538 cdd.

188 3565 313 3713 ἔλαροῑ.
349 3557 431 3704 adde
445 3555 484 3620 de
505 3573 616 3622 nostro
636 3563 712 3623 loco
728 3558 821 3622 Voss.
835 3559 876 3622 ad
890 3559 1005 3647 Virgil.
1022 3561 1140 3645 Georg.
1154 3579 1187 3642 p.

210 3669 261 3714 οι.
304 3649 420 3708 Kiess.

149 3746 191 3815 88
211 3787 255 3802 -
277 3771 328 3835 9¹·
349 3749 520 3808 Kochlerm
545 3768 617 3808 cum
630 3745 788 3812 Valcken.
806 3747 920 3810 scribit
940 3745 983 3821 ὥς
1001 3748 1059 3831 μὲν
1081 3781 1125 3796 -
1147 3741 1190 3822 ὣς

191 3842 235 3903 δὲ·
259 3847 417 3916 tumpcet
432 3829 606 3907 victimet
624 3831 736 3914 dcccco
753 3833 849 3914 ponit
864 3833 991 3917 signum
1010 3838 1187 3894 exclamen-

193 3921 237 3986 di.
267 3919 338 3982 Nos
354 3939 426 3979 cum
438 3911 615 3978 Dehlio'et
634 3917 806 3978 Schecfcro
821 3917 1006 4000 scripsimus
1019 3917 1070 3992 ὥς,
1084 3937 1189 3997 qnem-

194 4005 378 4069 admodum·
399 4039 443 4052 -
465 3999 610 4078 ἀπόλοιτο,
631 4022 691 4086 pro
714 4005 848 4085 vulgato
868 3999 1018 4103 elediata:
1046 3997 1189 4062 Brunclr.

194 4127 226 4175 et
240 4109 355 4175 Valet.
370 4132 411 4171 ex
427 4132 493 4172 vno
511 4108 580 4172 cod.
598 4107 687 4193 quod
701 4109 912 4172 restituimus.
928 4143 970 4159 -
988 4135 1006 4174 a
1023 4101 1191 4172 ἰηπλατά.

193 4222 285 4282 rocca
298 4193 517 4279 praebuerunt
531 4193 603 4258 cdd.
623 4195 707 4280 Aug.
722 4207 755 4256 et
768 4193 959 4258 Schellersh.
980 4226 1024 4245 -
1045 4189 1126 4274 λύπᾳ
1142 4189 1192 4252 cd.
