2886 5022
260 384 362 511 σοι’
408 429 729 504 ἐποπειτοτ
760 389 1078 495 οιΛεᾸΛιοπ
1114 417 1165 510 «μ.

252 619 330 691 Ἧι
339 605 407 710 reip
416 609 478 686 καί
484 637 522 682 τι
531 600 649 698 ddunt,
675 595 722 676 ro*
729 601 797 696 μὲν
806 597 962 695 ἀβλαβὲς
974 594 1085 681 silut
1094 601 1239 698 ἔθηκας,
1269 603 1315 674 25

259 711 465 794 Αιπλείσιοο
482 709 511 786 e’
529 709 675 806 ὤνησας·
693 708 783 795 ἔχων
799 700 829 777 δ’
846 706 1042 799 ἐπίμετρον
1064 701 1245 800 α’πῆλθοι.
1293 731 1298 738 ·

314 824 462 894 Νισαῖοι
477 811 691 908 Μεγαρῆες,
718 800 972 902 ἀριστεύοντες
988 813 1167 904 ἐρετμοῖς,

252 925 401 1017 Ὄλβιοι
417 916 573 1012 οἰκοίητε
581 969 594 1002 ,
621 905 688 986 τόν
702 905 876 984 'Anseris
893 908 938 991 οίς
952 909 1128 1003 περίαλλα

258 1029 389 1104 sessos
407 1014 632 1114 ἐτιμήσασθε
650 1014 810 1087 Διοκλέα
830 1007 897 1084 sou
914 1007 1128 1107 φιλόπαιδα.

258 1126 346 1204 Αιέί
364 1131 400 1199 οἱ
416 1121 497 1218 περί
512 1113 656 1212 τύμβοι
676 1111 817 1195 οἱολλεές
833 1117 928 1212 εἴαρι
945 1109 1076 1212 προίτῳ
1270 1117 1321 1189 δο

257 1229 404 1326 Κοῦροι
418 1221 668 1322 ἐριδμαίιοοοι
685 1211 887 1316 φιλήματος
901 1215 995 1315 ἄκρα
1010 1221 1202 1316 φέρεσθαι·

252 1336 320 1414 Ὃς
333 1331 376 1404 δέ
388 1355 427 1400 ιε
442 1319 631 1426 προσμίξῃ
647 1315 895 1418 γλυκερώτεραι
908 1320 1040 1412 χείλεσι
1056 1317 1156 1417 χείλη

255 1497 463 1518 W

317 1586 483 1660 praedarii
503 1588 601 1666 signa
622 1602 714 1663 super
729 1592 893 1660 patentem
914 1599 1040 1644 nasum.
1070 1581 1188 1644 Portus
1213 1581 1248 1644 in
1271 1582 1320 1647 di·

322 1667 424 1735 ction.
450 1669 519 1733 dor.
534 1690 605 1731 voc.
619 1665 769 1750 ἅναφυοῶ
778 1710 787 1736 ,
815 1663 872 1726 vbi
893 1669 1013 1726 mrrltus
1035 1680 1083 1726 est
1099 1665 1215 1729 dehoc
1230 1673 1318 1746 loco,

320 1758 461 1840 ὕπερθεν
480 1755 708 1836 interpretatur
728 1751 775 1822 de,
797 1763 830 1810 et
844 1748 928 1831 ῥινός·
945 1751 1081 1834 ὕπερθεν
1092 1750 1219 1830 &poetice
1245 1777 1319 1815 sus·

318 1865 416 1926 penso
437 1861 537 1912 παεος
560 1859 687 1898 sensum
704 1849 810 1896 autem
825 1857 932 1896 versus
950 1834 1038 1894 hunc
1053 1855 1121 1899 esse
1134 1853 1247 1920 putat:
1271 1839 1320 1898 ni·

322 1927 371 1990 hil
393 1926 467 1986 falsi
493 1923 616 1998 dicam,
651 1917 705 1981 sed
725 1933 812 1979 tuam
833 1923 985 1995 formam,
1016 1921 1119 2004 qualis
1135 1937 1201 1997 ost,
1224 1927 1322 1984 talem

322 2015 466 2098 ingenue
495 2008 684 2088 sincereque
711 2003 885 2064 describam
917 2020 950 2066 et
971 2027 1030 2087 pro
1054 2003 1213 2090 dignitate
1240 2011 1320 2070 cele·

322 2095 434 2158 brabo.
461 2093 559 2156 Harl.
581 2089 736 2152 Koehleri
758 2088 974 2150 coniecturam
995 2091 1116 2172 recepit
1135 2091 1255 2168 naht,
1287 2106 1320 2154 et

322 2201 399 2245 sane
423 2180 552 2262 α’κραίης
572 2179 674 2238 multo
702 2187 750 2233 est
779 2173 886 2254 aptius
910 2195 1002 2258 quam
1024 2171 1154 2257 α’ραιῆςε
1184 2189 1213 2236 te
1230 2200 1252 2236 a
1269 2199 1320 2238 ve-

321 2277 450 2329 nustate
462 2283 559 2345 quum
572 2260 683 2334 laudo,
701 2277 765 2317 παπ
777 2259 859 2318 milri
863 2261 1015 2338 pustulae
1028 2261 1201 2336 (medacii
1208 2254 1318 2343 signa,

320 2349 452 2440 ψεύδεα)
468 2369 561 2427 super
574 2367 690 2407 nasum
703 2356 872 2402 extremum
886 2355 1082 2404 succrescent
1088 2367 1100 2418 ;
1120 2366 1192 2406 nam
1209 2367 1319 2417 revere

319 2449 475 2502 venustus
491 2453 534 2494 es.
576 2431 692 2491 Kiessl.

278 2537 331 2606 25.
354 2531 465 2623 δίκῃς,
497 2533 568 2597 scil.
590 2529 646 2612 τήν
668 2531 806 2616 καρδίαν.
826 2527 894 2592 vid.
910 2531 951 2592 L.
967 2531 1042 2592 Bos.
1058 2531 1176 2615 Ellips.
1192 2553 1226 2615 p.
1245 2533 1316 2597 215.

276 2623 492 2786 οδίῖίίτίιξίθες
511 2725 552 2765 ex
568 2701 639 2772 All.
658 2717 690 2764 et
706 2703 792 2764 Flor.
815 2699 983 2762 revocavit
995 2699 1135 2775 Reislse,
1159 2697 1318 2783 probante

318 2797 483 2856 Wartono
497 2803 530 2851 et
541 2787 725 2862 Brunclrio,
755 2783 823 2846 levi
844 2784 931 2844 facta
944 2786 1143 2860 mutatione,
1166 2783 1318 2863 ἀπῆλθες,

320 2880 391 2940 abis
404 2899 426 2937 ο
441 2897 488 2936 me
500 2875 683 2934 cumulatus
700 2873 880 2931 accessione
893 2873 1013 2930 amoris
1025 2873 1102 2941 eius,
1126 2891 1187 2951 quo
1203 2882 1232 2929 te
1239 2891 1316 2951 pro-

322 2982 450 3046 sequor,
481 2959 657 3039 interprete
677 2954 826 3016 Reiskio.
853 2952 885 3013 A
906 2953 1070 3040 Calliergo
1090 2955 1125 3014 in
1145 2970 1316 3039 sequentes

319 3046 412 3110 venit
432 3042 593 3106 editiones
607 3034 769 3118 ιῖπῆεθον,
798 3036 887 3122 quod
906 3037 994 3100 haud
1015 3039 1161 3123 ineptum
1177 3059 1245 3102 esse
1264 3039 1316 3100 vi·

320 3132 433 3194 detur:
464 3141 498 3190 et
510 3124 651 3202 ἐπῆλθον
675 3146 716 3185 ex
739 3121 810 3184 edd.
825 3123 936 3204 posuit
951 3123 1105 3187 Valcken.
1135 3127 1234 3186 Harl.
1253 3124 1316 3192 'A-

318 3217 460 3294 πῆλθοτ,
490 3209 703 3357 puod‘etiam
727 3206 785 3268 Cd.
807 3207 1161 3292 Schellersh.praebet,
1194 3209 1313 3291 recepi·

319 3319 476 3386 museum
510 3293 640 3356 seohsio
657 3308 689 3356 et
700 3291 885 3354 Schaefero.
914 3291 997 3354 Nam
1014 3293 1069 3377 qui
1081 3293 1204 3354 iniuria
1217 3292 1313 3354 effici·

320 3402 390 3461 tur,
420 3382 448 3441 is
464 3381 492 3441 si
507 3380 542 3440 in
559 3381 718 3463 integrum
736 3375 936 3452 restituitur,
967 3377 1087 3438 iustum
1106 3379 1215 3461 μέτρον
1230 3379 1314 3439 aeci·

320 3470 387 3554 pit,
412 3465 462 3527 sin
478 3479 583 3525 autern
596 3459 756 3529 disicietur
769 3461 799 3522 ei
815 3459 981 3538 tribuitur,
996 3463 1125 3546 ¹accipit
1139 3467 1312 3546 ἐπίμετρον.

318 3587 362 3604 -
377 3548 572 3614 scholiastes
586 3548 702 3632 legisse
714 3545 844 3610 videtur
852 3548 1018 3630 inlpe'rpoe
1029 3545 1179 3625 ιίιῆλθοι.
1196 3547 1312 3609 Κίεειὶ.

268 3677 330 3744 ογ.
353 3653 502 3722 Νισοαίοι
522 3648 593 3709 edd.
614 3647 738 3730 priscae
762 3661 837 3708 ante
850 3648 1057 3734 Stephanum.
1072 3649 1313 3734 Mega-rensesa

316 3738 427 3837 multis
441 3732 781 3879 seecplisdffiplierpnt
792 3731 831 3792 ah
840 3733 1112 3880 Αελίρῃίολείοοὲ..
1126 3733 1315 3796 VideWar·

380 3867 388 3883 .
414 3844 435 3881 n
451 3842 471 3880 n
497 3833 539 3879 trs
572 3833 586 3879 t
678 3839 717 3878 en
743 3863 751 3880 .
807 3839 827 3876 n

319 3841 500 3972 {insisti
528 3841 626 3964 rias.
653 3833 890 3965 rossellii
906 3832 1315 3989 ssslsstllsflllllttt

319 3991 450 4057 volebat
466 3991 615 4058 Νισαίαι.
645 3987 734 4050 Citat
754 3988 843 4048 hunc
857 4009 983 4052 versum
1004 4011 1077 4051 eum
1099 3985 1226 4049 duobus
1241 4008 1314 4071 pro·

321 4077 417 4140 ximis
437 4072 632 4136 scholiastes
647 4071 877 4156 Aristophanis
898 4072 939 4134 ad
952 4073 1150 4135 Achemene.
1170 4069 1244 4156 774.
1259 4069 1315 4220 pri

231 4215 239 4269 ,ρ
321 4163 421 4226 habet
440 4160 484 4234 uie
505 4161 770 4242 septemplice
792 4185 819 4224 r·
847 4189 893 4210 ·-·
921 4163 1048 4227 Νισαῖοι
1070 4157 1240 4244 Μεγαρῆες
1284 4169 1317 4218 at
