2874 5018
259 443 319 512 ιον
439 445 747 512 ororrrror
767 441 1081 512 urArAAIoN
1106 439 1143 508 ι.

258 619 390 717 Δοῖρον
419 617 500 712 ἐμίν
541 645 599 690 νιν
635 617 791 691 ἔλειπεν·
831 611 911 710 'tyni
942 619 985 693 δέ
1012 645 1068 700 τις
1101 617 1176 712 α’μλ
1213 623 1324 712 urle-2

344 751 350 765 ·
843 715 949 809 κτοὶς,
1274 723 1323 793 50

258 818 345 918 Κηῦ
356 823 424 914 μὲν
439 815 489 894 toi
502 815 667 902 Γλαῦκας
683 817 912 920 οἱγκρούομαι
920 877 934 912 ,
962 819 1003 896 ui
1020 823 1059 895 ol
1082 815 1131 895 toi
1147 818 1297 923 Πύρῤω.

258 925 379 1000 Αἰνέα
414 919 483 998 τοὶν
517 951 558 998 τι
591 919 794 1023 Κρόκωνα·
846 919 939 998 καλοὶ
971 919 1075 1006 πόλις
1106 922 1137 1020 ἀ(
1164 954 1206 1000 τε
1240 921 1324 1001 Zo'-

842 1037 996 1117 κονθος,

257 1129 336 1202 Καὶ
353 1122 399 1202 ‘cri
414 1131 597 1220 ποταοῖον,
624 1124 671 1204 tri
685 1130 878 1219 Λακίνιον,
904 1127 997 1227 ᾇπερ
1016 1128 1038 1204 ὁ
1054 1123 1192 1214 πύκτας
1320 1143 1323 1150 “

258 1231 384 1322 Αἴγων
400 1227 609 1325 ὀγδώκοντα
630 1229 742 1326 μόνος
756 1233 998 1308 κατεδαίσατο
1014 1228 1165 1327 μοέσδας·
1226 1233 1238 1242 ”

264 1327 372 1428 Τήιοι
384 1333 444 1406 καὶ
459 1329 526 1409 τον
541 1337 679 1434 ταῦρον
704 1333 763 1409 ἄπ’
780 1335 890 1434 ὥριος
906 1333 972 1431 οἶγε
987 1332 1115 1421 πιοὲξας
1273 1342 1323 1414 55

263 1437 335 1516 Τᾶς
354 1434 484 1528 ὁπλαῖς,
511 1437 635 1538 aritini
651 1436 906 1539 Ἀμαουλλίδι·
932 1439 1050 1514 καὶδὲ
1069 1447 1234 1534 γυναῖκες

261 1602 470 1622 ———-

281 1689 332 1755 50.
352 1691 481 1768 ἔλειπεν,
505 1687 730 1778 impersectum
745 1692 926 1755 adhibitum
942 1692 1056 1756 aoritti
1071 1693 1325 1781 significatione.

323 1781 372 1840 Ita
394 1781 428 1840 in
451 1781 515 1864 Epi
538 1801 615 1840 ram.
635 1778 682 1842 14.
699 1793 731 1840 et
744 1778 839 1840 Iliad.
854 1781 898 1854 II,
920 1799 986 1860 107.
1003 1785 1087 1846 λεῖπε
1110 1784 1257 1864 φορῆναι.
1293 1807 1325 1846 v.

324 1864 501 1927 Hermann.
518 1803 557 1926 6ο
572 1863 696 1926 emend.
711 1878 768 1926 rat.
785 1886 831 1949 gr.
846 1885 892 1956 gr.
909 1886 940 1947 p.
950 1863 1021 1928 244.
1043 1899 1087 1916 ·-
1112 1871 1176 1943 Τίς,
1201 1871 1328 1950 aliquio

324 1951 474 2030 inriguis.
504 1949 582 2011 vide
606 1948 645 2010 ad
666 1949 774 2035 Viget.
796 1971 828 2031 p.
847 1947 914 2012 152.
948 1951 1115 2015 Harlesim
1136 1952 1171 2012 in
1195 1951 1267 2028 ind.
1288 1950 1327 2013 ad

322 2033 456 2096 Anthol.
472 2057 517 2120 gr.
532 2048 620 2116 poet.
633 2032 747 2096 laudat
766 2031 885 2116 Kypke
901 2033 934 2092 in
951 2035 1034 2100 obas.
1049 2058 1080 2118 p.
1096 2037 1167 2111 274.
1185 2059 1233 2122 sq.
1248 2052 1328 2100 tom.

322 2121 365 2180 ΙΙ,
382 2123 444 2182 Ιοο.
461 2121 578 2180 Elsner
599 2119 634 2178 iu
660 2117 744 2182 obss.
766 2140 844 2180 sacr.
862 2140 894 2200 p.
910 2118 982 2196 587.
998 2136 1031 2182 et
1046 2121 1152 2183 Wolf.
1168 2122 1204 2182 iu
1232 2121 1330 2186 Curia

323 2201 482 2290 philolog.
499 2202 622 2267 eterit.
638 2202 674 2262 in
696 2204 770 2266 Act.
787 2203 899 2286 Apost.
915 2202 955 2264 V.
975 2205 1026 2282 57.
1051 2207 1170 2270 Kierel.
1212 2209 1326 2292 δοῖρον]

326 2286 423 2350 Conf.
446 2287 558 2373 Longi
579 2289 736 2350 Pastoral.
757 2287 831 2349 libr.
852 2291 877 2350 1.
900 2309 933 2370 p.
951 2288 1020 2352 106.
1038 2290 1087 2351 ibi
1110 2313 1151 2352 ue
1170 2293 1325 2355 Mullum.

324 2373 441 2457 virgil.
466 2376 536 2435 Ecl.
558 2375 602 2436 Il.
625 2373 676 2451 57.
708 2371 905 2456 Calpurnius
924 2375 994 2434 Eol.
1009 2375 1065 2440 IV.
1086 2315 1109 2442 6

326 2455 419 2520 docte
445 2460 514 2545 egit
539 2456 685 2520 Broukh.
708 2457 749 2518 ad
775 2457 899 2520 Tibull.
920 2463 962 2521 II.
983 2459 1013 2523 5.
1038 2460 1090 2526 51.
1114 2495 1156 2512 ·-·
1183 2489 1231 2540 τις
1252 2464 1329 2545 ἐμμλ

323 2544 467 2606 Brunch.
487 2561 519 2606 et
532 2543 633 2604 Dahl.
648 2543 784 2606 Sensus:
816 2566 872 2626 ego
888 2567 1010 2628 quoquo
1024 2560 1138 2607 cantor
1152 2571 1224 2610 rum
1237 2547 1331 2608 haud

290 2721 294 2729 ·
325 2631 534 2778 2λῖἵέἶῖΣί
550 2629 1328 2800 13²²„llll‘glslhlhllltlllzllllll·

325 2797 434 2877 modi,
458 2802 552 2862 cuius
576 2739 625 2860 eit
642 2738 800 2880 pellitur,
823 2799 892 2883 agit
906 2799 1097 2860 Valckenar.
1119 2799 1154 2858 in
1171 2801 1267 2882 epist.
1290 2797 1330 2862 ad

324 2873 445 2947 Rriver.
460 2908 491 2968 p.
508 2883 661 2946 XXXIV.
704 2885 820 2942 Kieosl.

282 2967 301 3032 5
310 2989 333 3029 ι.
356 2969 410 3030 Da
425 2971 547 3032 Glauca
562 2987 593 3027 v.
608 2965 771 3026 Plutarch.
790 2967 828 3024 T.
847 2967 888 3026 II.
901 2986 933 3047 p.
947 2963 1019 3051 597.
1034 2965 1076 3037 A.
1105 2966 1258 3050 Hedylus
1276 2990 1328 3054 ap.

324 3051 444 3116 Athen.
459 3053 515 3114 IV.
532 3073 565 3133 p.
583 3047 653 3129 176.
670 3051 714 3108 D.
760 3049 886 3112 Iacobo.

284 3147 323 3216 52
338 3152 445 3219 -54
473 3152 496 3218 ii
507 3178 539 3218 τε
561 3173 633 3212 cum
652 3149 825 3226 Valcken.‚
849 3151 905 3236 qui
925 3148 991 3214 duo
1011 3153 1123 3215 laudat
1148 3153 1229 3218 cdd.
1254 3159 1329 3234 [Eat

189 3221 194 3250 ¹
327 3236 364 3298 in
387 3236 542 3299 tredecim
558 3233 639 3297 cad.
655 3234 743 3318 apud
759 3235 862 3297 Gaisf.
877 3251 910 3298 et
931 3236 966 3296 in
981 3236 1071 3302 Edit.
1086 3245 1173 3302 Iunt.
1195 3241 1328 3321 Κίιιιλ]

250 3393 256 3406 1
328 3336 362 3384 et
383 3327 552 3406 plorasque
570 3320 661 3384 editt.
681 3322 940 3398 consentientes,
972 3338 1067 3422 atque
1090 3325 1258 3388 Brunckio
1280 3345 1331 3400 ron

327 3407 452 3489 scripsi.
496 3407 519 3472 a‘
530 3404 605 3473 Ζάκ.
621 3405 689 3469 cod.
705 3407 788 3488 Aug.
803 3406 914 3468 Reislt.
933 3423 965 3468 et
979 3409 1046 3472 alti.
1076 3410 1133 3472 ted
1147 3411 1250 3493 prima
1265 3413 1327 3491 syl·

326 3491 401 3552 laha
422 3490 641 3567 λα’Ζᾰκυκθος
670 3491 856 3573 corripitur.
901 3493 1000 3554 Hunc
1020 3515 1097 3556 vero
1116 3517 1198 3557 vers.
1224 3492 1327 3557 conti·

327 3597 403 3638 nero
423 3577 588 3661 principia
611 3575 747 3638 duorum
770 3574 964 3657 hymnorum
993 3577 1028 3639 in
1051 3579 1194 3642 Crotona
1216 3595 1248 3641 et
1268 3581 1328 3640 Za·

328 3661 498 3744 cynthum,
523 3677 641 3746 putant
655 3661 832 3724 Palmerius
846 3662 880 3722 in
893 3663 1052 3726 Exercitt.
1070 3686 1102 3746 p.
1117 3683 1187 3750 797.
1205 3662 1327 3727 Reiske

329 3762 363 3808 ot
374 3749 526 3811 Warton.
550 3751 673 3825 [Αἰνεῒν
687 3761 860 3831 usurpatur
874 3749 980 3828 poetis
997 3747 1036 3811 de
1053 3764 1161 3826 cantu,
1176 3773 1241 3836 quo
1257 3745 1326 3834 quis

328 3833 461 3895 alterius
482 3833 595 3896 laudes
615 3833 765 3898 celebrat.
810 3833 862 3894 Sic
876 3831 1091 3896 Callimachus
1108 3834 1141 3894 h.
1157 3835 1192 3894 in
1205 3837 1325 3896 Delum

329 3937 377 3980 vs.
391 3917 421 3982 6.
439 3919 479 3995 οἷς
493 3917 572 3986 hadr
584 3919 670 4010 ᾔνεον
683 3915 808 4002 nonita,
826 3921 938 3998 prima
952 3925 1092 3982 omnium
1106 3921 1209 3988 Delus
1224 3915 1326 3999 Apol·

328 4003 426 4064 linum
436 4027 496 4085 pro
514 4007 569 4065 deo
586 4005 752 4066 celebravit
773 4004 979 4066 carminibus.
1023 4006 1083 4064 Est
1104 4005 1216 4088 itaque
1231 4001 1327 4064 huius

328 4089 397 4152 loci
411 4088 492 4152 haec
506 4089 683 4152 sententia:
709 4091 779 4170 Ego
795 4089 897 4150 didici
910 4095 1100 4150 conminuet
1113 4091 1252 4150 canendi
1262 4105 1327 4146 ιπο-

330 4177 386 4238 dos
401 4176 444 4238 ab
462 4175 646 4256 artffioibru
659 4187 776 4241 ιοιιινι
789 4177 943 4236 memoria
954 4189 1066 4237 αοιινα
1076 4176 1283 4257 ρινίνὶιιίηνλι
1299 4177 1330 4226 et

1107 2374 1139 2440 8.
1156 2372 1197 2441 de
1218 2379 1327 2440 fistula
