2908 5016
290 449 603 552 runcaturi
633 487 907 560 turcatos
941 491 1021 562 xv.
1120 498 1185 570 455

120 649 159 728 Et
170 659 406 749 placentarum
423 657 581 748 quicquid
596 659 755 728 mulieres
770 661 806 728 in
821 663 986 748 sartagine
1000 681 1133 754 parunt,

121 761 228 829 llorea
242 762 421 830 miscentes
437 762 548 830 omnis
562 763 697 849 generis
712 786 790 832 cum
805 766 880 834 alba
897 766 1025 835 farinas

55 851 60 868 ⁸
121 863 283 952 Quicquid
296 889 339 934 ex
358 865 447 934 dulci
467 867 569 934 melle
584 877 616 931 et
629 865 666 931 in
680 867 806 955 liquido
822 872 907 952 oleo,

119 967 242 1033 Omnes
260 967 310 1035 illi
324 969 450 1036 bestiae
466 970 616 1036 volatiles
631 979 664 1034 et
677 971 912 1060 quadrupedes
925 971 1056 1043 adsunt.

117 1069 242 1138 Viridis
257 1070 474 1156 umbracula,
494 1072 591 1138 molli
603 1073 762 1140 vmbrosa
775 1073 910 1156 anetho,

118 1169 309 1238 consumta
328 1188 424 1258 sunt,
446 1173 611 1264 puerique
625 1173 770 1242 Amores
783 1178 1039 1268 supervolitant,
1116 1178 1119 1187 '

118 1269 237 1360 Quales
259 1273 420 1342 lusciniae
433 1273 516 1365 pulli
530 1277 685 1343 sedentes
695 1275 732 1343 in
748 1279 927 1360 arboribus
1116 1279 1118 1284 ’

13 1405 14 1410 ’
117 1375 272 1457 Volitant,
280 1379 415 1446 alarum
421 1376 611 1466 periculum
618 1377 791 1466 facientes,
814 1398 961 1453 extumo
975 1383 1013 1450 iu
1027 1408 1174 1456 ramum.

121 1543 323 1571 ..ιι-

170 1641 345 1728 locumque
373 1641 478 1726 perite
510 1645 736 1726 eleganterque
758 1641 962 1718 illustrante,
998 1647 1056 1732 qui
1077 1649 1175 1714 etiam

171 1742 360 1808 sequentem
377 1747 503 1788 versum
525 1746 542 1788 a
558 1726 633 1788 crisi
647 1726 776 1788 Reiskii
789 1727 1017 1811 (suspicantis,
1041 1734 1174 1818 ἑρῃεστᾰ

171 1806 218 1894 δὲ)
236 1826 269 1872 et
287 1809 442 1874 Wartoui
456 1809 539 1872 bene
558 1811 752 1896 copioseque
771 1810 925 1874 vindicat.
957 1817 1085 1880 Praeter
1105 1821 1174 1882 fru-

172 1910 241 1956 ctus
267 1897 420 1960 nimirum
452 1893 586 1958 ederant
611 1895 832 1982 cuiuscunque
853 1900 980 1996 generis
1007 1906 1173 1986 placentae

170 1978 334 2043 Adonidis
350 1980 486 2066 imagini
502 1980 681 2064 adpositae,
706 2001 724 2042 a
740 1979 928 2062 pistricsbus
942 1983 1106 2048 dulciariis
1125 1991 1173 2052 sie
1213 2033 1218 2042 -

169 2064 347 2128 artificiose
362 2063 503 2142 effictae,
535 2079 570 2126 vt
584 2064 770 2126 animalium
784 2071 970 2150 quorumvis
986 2069 1101 2156 figuras
1117 2096 1172 2134 ex.

167 2149 354 2234 primerent.
377 2147 490 2234 ἑρπετά
510 2147 621 2212 dorice
637 2147 798 2212 ,dicuntur
824 2153 955 2234 quaevis
981 2156 1168 2234 animantia,

169 2255 250 2318 quae
275 2231 414 2318 pedibus
438 2233 613 2311 incedunt,
647 2230 746 2300 naisso
765 2231 805 2300 ssi
823 2233 1002 2322 τετράποδα.
1026 2275 1068 2292 -··
1087 2243 1171 2323 τᾷδε,

127 2379 129 2384 ,
168 2321 243 2392 tte,
268 2317 308 2380 ad
324 2317 486 2381 Adonidis
510 2317 692 2404 imaginem.
715 2319 878 2397 Koehler,
902 2323 974 2406 τᾷδε
987 2322 1169 2390 redundare

166 2403 342 2480 arbitrans,
374 2403 511 2466 coniicit
528 2403 637 2470 πάντα.
657 2437 701 2454 -
719 2396 848 2486 noiomo
871 2405 1012 2470 Bruuck.
1037 2415 1169 2488 nolente

164 2487 394 2552 Valckenario.
418 2522 461 2538 -
482 2490 543 2550 Pro
562 2493 736 2574 flpldoucas
757 2512 830 2550 cum
850 2489 991 2553 Brunclt.
1016 2493 1169 2556 Valcken.

168 2571 203 2634 iu
223 2571 275 2634 ed.
295 2593 357 2636 sec.
377 2572 466 2637 dedit
485 2577 651 2660 βρῖθοισαι
665 2573 715 2673 (in
728 2574 839 2634 multis
854 2573 925 2636 cdd.
940 2579 1118 2658 βρίθοντες)
1135 2594 1168 2642 et

167 2677 211 2722 vs.
230 2677 299 2722 ruo.
314 2679 387 2721 cum
402 2655 473 2720 cdd.
491 2672 525 2720 et
539 2655 611 2722 edd.
628 2680 721 2742 parm.
737 2651 991 2741 desperatiorem
1005 2685 1065 2744 pro
1077 2662 1166 2747 since·

165 2744 333 2822 nursinae.
356 2745 453 2806 Harl.
466 2742 612 2822 ·'‘Avr,dos
628 2758 676 2806 est
692 2741 844 2805 anethum
861 2751 1061 2827 graveolena,
1091 2752 1166 2810 Till.

166 2827 294 2894 Sebreb.
318 2829 372 2889 De
393 2827 496 2890 forms
516 2820 767 2916 ὕπερποτᾶωνται
782 2829 869 2892 conf.
890 2827 988 2890 dicta'
1002 2829 1042 2892 ad
1065 2832 1164 2918 Idyll.

164 2911 192 2976 1.
204 2910 256 2979 58.
297 2911 414 2996 ¹Kc'essl.

126 3056 193 3107 121.
219 3057 289 3103 122.
312 3037 556 3128 dqdavsdiitc(ab
565 3035 755 3120 αἠδονιδεῦς,
775 3039 1091 3123 lusciniaapulluee),
1117 3041 1164 3104 sic

163 3140 250 3188 recte
271 3125 424 3188 Valcken.
445 3148 505 3210 pro
527 3130 656 3211 vulgata
673 3123 833 3204 uinciendas
847 3147 906 3208 per
922 3123 992 3187 cdd.
1009 3143 1165 3213 propaga·

142 3239 145 3242 ·
163 3225 206 3273 ts.
231 3209 302 3298 [De
314 3211 418 3272 forma
433 3209 501 3291 δεύς
514 3216 604 3274 velut
617 3211 839 3294 patronymica
854 3211 888 3269 in
906 3211 1006 3293 pullis
1021 3211 1164 3272 animan·

82 3307 88 3321 ·
161 3296 243 3356 tium
269 3293 336 3356 desi
360 3295 476 3358 nandis
497 3319 529 3358 v.
546 3295 656 3360 Valck.
681 3295 720 3357 ad
743 3295 773 3356 la.
793 3299 815 3357 1.
835 3309 868 3356 et
888 3315 968 3379 quos
993 3294 1163 3358 citavimus

162 3380 203 3442 ad
225 3380 319 3462 ldyll.
375 3381 447 3444 .25.
469 3381 607 3467 Kiessd]
629 3415 672 3430 -
695 3377 888 3466 iqaoddpesoc
906 3401 965 3464 pro
988 3375 1163 3463 ἐφεζόμενοι

159 3465 310 3527 coniecit
328 3465 439 3528 Valclt.
464 3481 498 3528 et
517 3466 663 3549 reposuit
677 3465 819 3527 Brunult.
843 3464 930 3528 Idem
949 3463 1062 3543 etiam,
1085 3487 1160 3548 pro·

160 3549 259 3612 bante
273 3549 398 3628 Valclu,
413 3551 536 3636 Toupii
556 3551 787 3614 correctionem
808 3550 899 3633 dedus
914 3545 1052 3616 o'u'dodsr
1067 3571 1161 3612 rece-

159 3636 214 3719 pit
229 3636 264 3694 iu
280 3650 418 3699 textum.
431 3639 484 3714 [In
499 3635 613 3698 formis
629 3633 746 3698 doricis
761 3633 972 3698 restituendis
990 3635 1092 3696 secuti
1106 3656 1159 3695 su·

161 3742 230 3781 snus
245 3720 386 3782 Bruuclt.
404 3743 476 3782 cum
491 3719 628 3787 Dahlio.
649 3723 778 3796 Kisssl.]
800 3719 891 3784 Idem
909 3719 1041 3781 Brunclt
1062 3720 1095 3778 in
1111 3739 1161 3781 re·

158 3820 279 3868 uovsts
299 3803 376 3866 edit.
396 3806 496 3870 initio
518 3827 630 3870 versus
653 3825 723 3874 1²1.
751 3808 815 3870 olor
834 3804 939 3892 (quod
961 3803 1081 3866 habent
1103 3803 1160 3862 sli-

158 3905 243 3974 quot
263 3888 363 3973 cdd),
387 3891 422 3953 iu
444 3891 509 3954 fine
529 3906 636 3954 autem
650 3893 797 3976 desciuisse
812 3888 931 3973 posuit.
962 3891 1061 3950 Harl.
1087 3889 1161 3971 [ulos

158 3991 208 4036 est
227 3975 263 4035 in
288 3974 337 4037 cd.
360 3979 466 4039 Tolet.
493 3991 526 4039 et
546 3976 597 4040 ed.
619 3981 707 4040 lunt,
736 3975 884 4039 lioenius
905 3973 945 4034 sd
968 3973 1101 4058 Gregor.
1123 3992 1156 4054 p.

157 4057 231 4125 265.
257 4059 373 4124 scribit
396 4067 526 4146 δένδρῳ,
546 4061 756 4145 reprehensus
775 4057 1031 4124 aVslckenario.
1058 4056 1156 4118 Dati-

157 4165 217 4206 vus
230 4159 338 4210 tamen
353 4169 421 4210 non
437 4147 570 4210 omnino
583 4145 813 4231 repudiandus.
834 4145 885 4206 Ita
899 4148 1014 4206 Ausci.
1032 4141 1089 4202 IX.
1107 4139 1158 4212 35.

156 4232 330 4317 κοιμωμένη
355 4230 381 4298 d'
408 4231 455 4300 ἐπ’
483 4231 568 4320 αὐτῷ
590 4236 637 4318 aqi.
651 4237 790 4384 dapssgqs
816 4225 970 4300 usbeida·
994 4260 1036 4276 ··-·
1059 4225 1157 4287 Conf·

610 4335 636 4389 χ
774 4336 825 4380 ee
