2816 5014
273 437 309 493 12
345 467 351 477 -
449 420 765 488 OEOKPITOY
787 413 1097 486 ΕΙΔΥΛΛῙΟΝ
1118 411 1147 484 ri.

272 589 466 689 Tvpt'oder3
490 586 556 672 τιὶς
569 585 598 664 δ’
613 586 716 684 αἶγας
732 581 820 682 ἑγοὶν
834 592 873 663 ἐν
885 589 979 684 τῷδε
990 591 1165 686 massoni.

637 693 681 767 A
688 697 761 766 ΙΙΙ
766 694 799 766 Ο
807 695 847 766 Λ
856 697 942 768 ΟΣ.
957 703 961 718 ’

269 793 326 873 Οὐ
349 799 470 891 θέμις,
496 789 527 868 ὦ
548 789 703 889 πῠιμάν,
729 789 776 869 w*
788 789 1042 896 proopsspcvdr
1056 793 1102 872 osi
1116 801 1226 894 θέμις
1245 799 1337 898 o's'pt-¹

753 937 767 954 ·1
871 915 911 974 ἰν
1282 909 1336 979 15

269 998 454 1099 Τυρίσδεν·
480 995 548 1076 ‘cdv
565 1000 677 1076 Πᾶνα
690 925 907 1097 deliniendis.
933 995 1040 1103 ἤγοῖρ
1057 999 1117 1078 ἀπ’
1131 1003 1248 1104 ἄγρας

322 1187 401 1250 huic
424 1195 515 1269 loco,
547 1187 605 1275 qui
624 1191 783 1276 repetitur
811 1189 906 1272 Idyll.
929 1192 976 1270 V,
1004 1211 1092 1269 101„
1116 1194 1335 1260 concinnitas

327 1275 532 1353 conciliatur,
555 1276 584 1337 si
600 1297 651 1350 eo,
675 1298 739 1360 quo
757 1277 861 1338 voluit
873 1293 949 1359 post
962 1278 1041 1338 alios
1057 1275 1239 1358 Harlesius,
1257 1303 1335 1345 mo·

326 1357 369 1421 do
394 1359 608 1446 intelligitur3
632 1363 678 1423 its
700 1361 786 1422 enim
800 1363 870 1444 τᾷδε
884 1393 931 1411 -·
948 1361 1003 1445 pire
1016 1361 1097 1448 (vbi)
1110 1364 1174 1424 tibi
1188 1385 1334 1450 respon·

273 1519 277 1531 .
329 1443 417 1509 dent.
459 1446 569 1530 Atque
590 1446 654 1508 iarn
677 1446 755 1508 olim
778 1446 824 1508 sic
845 1445 1045 1510 intellectum
1066 1469 1151 1524 esse,
1175 1451 1336 1514 ostendit

327 1547 397 1593 tum
420 1529 569 1592 codicum
591 1530 684 1594 duor.
707 1533 734 1592 F
735 1527 794 1593 lo'r.
820 1529 853 1592 et
873 1531 1024 1594 Vaticani
1036 1532 1135 1595 lectio
1152 1537 1183 1609 ἐς
1190 1579 1200 1614 ,
1223 1557 1332 1620 quem

325 1617 512 1680 Bruncltius
524 1617 692 1700 praetulit,
705 1615 865 1696 (calidius
881 1616 1030 1694 forsitan,
1046 1637 1146 1702 quum
1161 1618 1197 1680 in
1213 1622 1332 1682 omiti-

327 1701 388 1769 bus
408 1703 506 1776 locis,
530 1700 586 1762 vbi
601 1701 722 1786 legitur
737 1701 780 1777 ω’ς·
791 1700 978 1786 significans
992 1699 1069 1786 πρός
1083 1707 1136 1765 vel
1151 1704 1199 1784 ip,
1221 1705 1332 1768 etiam

325 1790 359 1862 ἐς
386 1786 421 1866 in
448 1785 599 1848 lectionis
630 1787 784 1848 varietate
799 1785 1099 1870 deprehendaturz)
1137 1801 1206 1850 tonr
1219 1795 1330 1853 'locus

256 1867 262 1881 '
324 1871 441 1935 Bionis
468 1872 582 1956 fragm.
603 1871 679 1933 XII.
702 1867 797 1954 nitrip
817 1869 892 1958 s'yot'v
908 1873 1062 1954 βασεῦμαι
1081 1870 1158 1955 tadu
1176 1870 1332 1955 o‘ddm'ic

261 1955 264 1963 '
324 1952 362 2022 w*
382 1953 526 2031 κάταντες
550 1957 644 2035 liro,
656 1989 697 2006 ·-
720 1975 803 2041 quae
822 1957 965 2019 scribens
984 1957 1071 2020 Eion
1086 1973 1196 2040 aperte
1210 1957 1330 2023 Theo-

326 2041 402 2104 criti
421 2046 527 2104 locum
549 2056 625 2103 ente
645 2047 756 2104 oculos
771 2039 898 2104 habuit.
920 2041 1128 2106 Valckenarii
1146 2061 1260 2106 eontra
1275 2063 1330 2108 ta·

327 2126 450 2190 tionem
462 2125 685 2190 submoleatanr
699 2123 807 2190 reddit
819 2127 874 2188 illa
890 2140 939 2190 ter
953 2127 1090 2210 repetita
1106 2129 1170 2188 loci
1186 2129 1329 2192 demon-

276 2215 281 2222 “
326 2211 459 2286 stratio,
482 2212 537 2272 tta
550 2210 732 2287 considens,
757 2211 811 2272 aba·
821 2237 865 2260 ·-·
879 2213 934 2273 lu'o
947 2213 1047 2272 collis.
1070 2213 1116 2276 Vt
1130 2213 1330 2312 igitnrHar-

326 2298 401 2358 lesii
432 2295 734 2378 interpretationem
754 2293 900 2358 nondum
921 2291 1052 2371 desero,
1084 2295 1129 2376 its
1145 2319 1230 2361 inea
1246 2319 1327 2364 snm

328 2381 504 2464 opinione,
526 2401 619 2444 vtum
640 2377 814 2464 loquendi,
840 2401 905 2464 quo
930 2379 971 2456 oie
991 2402 1051 2464 pro
1071 2379 1150 2470 πρδς
1170 2387 1325 2466 ponitur,

326 2486 425 2548 quum
447 2463 487 2527 de
510 2486 545 2526 re
567 2465 704 2526 animate
722 2485 825 2528 sermo
850 2481 897 2529 est
917 2464 971 2548 (de
988 2485 1053 2550 quo
1070 2480 1206 2553 egerunt
1219 2471 1328 2551 Wyt-

273 2565 280 2572 ·
324 2549 475 2616 tenbe'ch.
496 2546 537 2610 ad
557 2550 680 2614 Julian.
700 2571 734 2634 p.
752 2547 820 2616 168.
835 2549 885 2614 ed.
900 2551 995 2636 Lips.
1017 2549 1192 2617 Hermann.
1206 2553 1246 2614 od
1262 2555 1326 2617 Vi·

326 2657 391 2722 get.
408 2657 440 2719 p.
457 2631 531 2711 807.
544 2635 609 2697 viri
625 2634 713 2698 docti
728 2633 768 2696 ad
780 2637 913 2722 Gregor.
931 2659 961 2720 p.
972 2629 1023 2715 78.
1042 2639 1157 2718 Poppo
1171 2639 1206 2696 in
1224 2635 1326 2705 Obss.

325 2721 361 2782 in
376 2717 526 2802 Thucyd.
540 2741 574 2804 p.
592 2737 662 2786 222.
674 2719 746 2783 add.
760 2723 894 2783 Porson.
912 2721 951 2780 ad
966 2721 1080 2802 Eurip.
1090 2721 1213 2780 Phoen.
1226 2723 1325 2790 1415.

325 2820 361 2868 et
379 2805 558 2867 Ruhnken.
573 2805 666 2885 epist.
682 2802 759 2864 edit.
775 2825 792 2862 a
808 2804 997 2864 Tittnranno
1012 2825 1046 2886 p.
1064 2799 1145 2878 186.)
1161 2807 1243 2865 vltra
1258 2808 1325 2870 At.

274 2905 277 2910 ·
324 2890 408 2952 ticos
426 2889 484 2948 vix
496 2888 601 2948 videri
617 2885 855 2948 extendendum
872 2907 948 2947 esse.
966 2915 1008 2939 ι·-
1050 2887 1207 2970 Denique
1223 2893 1326 2955 omit·

325 2970 458 3034 tendum
474 2992 542 3034 non
559 2983 626 3045 est,
649 2969 871 3030 Hermannum
885 2969 920 3029 in
933 2968 1017 3031 libro
1031 2969 1071 3032 de
1085 2985 1144 3034 ret.
1159 2994 1205 3056 gr.
1220 2997 1269 3060 gr.
1286 2999 1324 3060 p.

328 3054 398 3123 114.
419 3053 630 3129 contendere,
662 3053 705 3128 ὥς
725 3068 837 3116 nostro
857 3058 931 3115 loco
954 3054 1139 3140 significare
1160 3055 1239 3138 vbi,
1267 3061 1320 3125 vti

277 3153 280 3158 '
323 3138 383 3217 wic
400 3140 436 3200 in
454 3137 592 3200 Theocr.
606 3138 719 3222 Epigr.
734 3139 790 3204 IV.
835 3142 951 3200 Kieasl.

281 3229 413 3314 μυρίκη,
435 3229 645 3284 tamoriseoe:
667 3221 743 3284 vide
765 3223 956 3308 interpretes
973 3223 1013 3286 ad
1033 3225 1148 3311 virgil.
1165 3229 1237 3290 Eel.
1251 3227 1315 3307 IV,

328 3331 357 3375 2.
379 3309 494 3391 (Voss.
511 3331 543 3391 p.
560 3304 655 3390 181.)
687 3307 786 3371 Harl.
810 3309 938 3392 Myrice
960 3325 1006 3371 est
1034 3311 1176 3373 Tamaris
1199 3314 1317 3398 gallica

324 3399 422 3458 Lina.
446 3391 499 3454 die
524 3393 741 3457 fronzbsisohe
754 3392 834 3456 oder
849 3393 991 3456 wileche
1004 3396 1201 3461 Tamarislte.
1224 3400 1316 3461 conf.

323 3481 410 3544 Plio.
426 3477 501 3540 libr.
514 3477 608 3540 XIII.
626 3499 696 3560 cap.
713 3496 763 3541 21.
808 3479 929 3540 Schreb.

281 3565 333 3635 15.
354 3565 464 3649 Quum
486 3579 610 3625 veteres
624 3561 771 3624 meridiei
788 3564 928 3646 quietem
943 3564 1164 3627 adtribuerent
1177 3569 1223 3649 (v.
1241 3565 1315 3629 Cal-

323 3651 390 3714 lim.
401 3649 443 3709 H.
460 3647 496 3706 in
509 3649 592 3710 Lev.
614 3645 794 3730 Palladpr.
815 3647 930 3734 ibique
947 3650 1174 3734 interpretes,)
1196 3651 1315 3712 eodem·

324 3757 383 3818 qne
410 3747 547 3814 tempore
574 3733 646 3793 deos
678 3752 798 3814 quoqne
834 3755 978 3794 somnum
1006 3757 1118 3816 capere
1143 3749 1312 3818 putarent,

319 3819 424 3905 (Aure
439 3815 589 3900 Nympha
604 3817 688 3900 apud
704 3817 859 3898 Nonnupr
873 3819 1140 3883 Dion.xLV111.
1157 3819 1228 3886 258.
1250 3819 1313 3887 πό-

321 3930 385 3973 νων
405 3896 625 3984 ἇναπαυομὲνη
647 3899 749 3986 θήρης
765 3903 833 3970 εὗδε
849 3908 1123 3989 μεσημβρίζουσα·)
1145 3921 1242 3991 negot
1262 3927 1312 3966 ca·

321 3987 455 4076 prorius,
478 3987 554 4064 sibi,
576 3989 675 4062 Pane,
699 3985 761 4048 deo
783 4011 853 4064 suo,
879 3989 1069 4062 dormiente,
1092 3990 1190 4052 licere
1206 3989 1312 4050 fistula

325 4091 449 4138 canere.
471 4073 562 4134 conf,
586 4071 771 4135 Philostrot.
795 4073 932 4135 Iconum
956 4074 1032 4137 libr.
1055 4075 1099 4140 II.
1124 4097 1192 4158 cap.
1208 4075 1265 4140 XI.
1279 4097 1309 4158 p.

321 4155 395 4228 828.
409 4155 458 4221 ed.
477 4155 609 4220 Olearii.
630 4157 685 4218 De
699 4177 760 4240 qua
774 4173 918 4220 veterum
936 4159 1094 4242 opinione
1110 4163 1201 4242 plura
1215 4159 1310 4221 docte
