2942 5014
289 433 352 506 800
548 431 857 506 enutritor
894 429 1090 533 aratra

354 627 403 682 est
418 627 451 677 et
465 620 594 692 apertus
610 619 644 667 et
656 596 745 664 nulla
762 602 904 688 caligine
920 604 1079 668 obtectus.
1100 607 1276 672 Praeterea
1286 611 1366 672 nul·

352 709 386 766 la
406 693 612 762 connexione
632 689 784 752 cohaeret
811 711 883 750 cum
905 687 1058 774 reliquis,
1088 691 1147 754 sed
1171 709 1365 774 separatum

354 786 453 850 habet
466 797 499 843 et
514 774 686 840 abscissum
701 795 718 834 a
733 773 944 858 sequentibus
957 796 1100 852 sensum,
1124 777 1171 838 ita
1184 794 1221 840 vt
1238 780 1365 840 inscri-

353 873 427 958 ptio
449 867 561 951 potius
577 859 737 945 ‘poematii
759 879 853 944 quam
878 858 1029 920 carminis
1041 861 1183 922 initium
1203 862 1367 925 videatur

354 979 440 1032 esse,
477 971 538 1012 uec
559 968 595 1008 ea
615 945 745 1028 quidem
766 943 804 1004 ab
828 945 901 1032 ipso
922 957 1021 1027 poeta
1039 949 1203 1026 profecta,
1235 947 1297 1010 sed
1323 949 1365 1008 ab

318 1073 330 1090 ι
353 1043 465 1124 aliquo
484 1035 634 1116 imperito
650 1027 805 1105 conficta,
830 1026 888 1112 qui
906 1050 968 1090 nec
981 1029 1103 1092 Graece
1117 1032 1262 1110 sciebat,
1297 1054 1368 1094 neo

354 1125 548 1210 syllabarum
567 1111 714 1178 modulos
737 1114 882 1175 tenebatt
910 1135 983 1174 nam
1008 1115 1180 1178 secundam
1193 1117 1229 1176 in
1244 1123 1367 1202 00th

354 1207 509 1297 producit
534 1221 623 1264 more
651 1199 740 1259 illius
759 1198 880 1259 saeculi
901 1197 1028 1260 barbari
1051 1214 1085 1263 et
1106 1199 1251 1278 inficeti,
1293 1227 1365 1290 quo

357 1314 467 1360 omnes
483 1285 624 1370 syllabae
639 1281 859 1356 indifferentes
875 1299 976 1346 eraut.

313 1381 371 1453 Ου’
376 1375 489 1452 datie
511 1371 576 1440 triv
586 1365 739 1474 άτέιροι]
755 1369 880 1467 Auctor
893 1366 1015 1446 ου’δενός
1030 1369 1214 1454 prostitutor
1229 1373 1363 1456 posuit,

357 1472 532 1552 quaesunt
550 1483 735 1538 ουνωνυμα,
768 1468 801 1516 et
816 1455 980 1516 intellexit
994 1455 1159 1538 Vlyssem,
1213 1457 1251 1519 ui
1270 1459 1366 1542 apud

356 1553 535 1634 Cyclopem
558 1537 645 1612 caim
664 1560 698 1602 te
720 1537 830 1602 vocari
853 1537 988 1602 dixerat.
1032 1541 1194 1627 Nugatur·
1228 1543 1261 1604 ic
1282 1543 1362 1606 Ich.

356 1630 566 1698 Pediasimus.
1072 1661 1075 1667 ·

311 1717 608 1800 Ἀντιπέτροιο]
638 1707 687 1774 lta
708 1733 749 1775 ex
775 1707 901 1794 optimo
927 1713 998 1774 cod.
1019 1709 1148 1796 scripsit
1171 1709 1361 1780 Salmasius.

257 1854 264 1867 .
356 1806 465 1888 Vulgo
480 1793 695 1879 α’ντοπᾶτροιο,
717 1795 807 1879 quod
821 1818 880 1858 nec
895 1797 1001 1878 ipsum
1014 1795 1274 1880 improbandum.
1284 1795 1362 1862 'Ar-

291 1941 296 1948 .
355 1892 496 1968 ςὶπιτρος
517 1883 638 1944 dicitur
653 1880 796 1964 Iupiter,
826 1874 914 1966 quod
933 1883 1017 1965 lapis
1031 1904 1092 1966 pro
1109 1881 1181 1966 ipso
1201 1879 1298 1945 datus
1312 1899 1364 1945 est

330 1963 339 1984 ⁶
357 1975 496 2037 Saturno
513 1965 726 2030 devorandus.
1126 1989 1130 1994 ·

314 2058 409 2146 οὐχὶ
437 2050 668 2139 Κεράστοο]
691 2047 746 2110 De
765 2047 900 2112 Comata
926 2049 1092 2136 loquitur,
1131 2073 1226 2156 ryuem
1247 2053 1363 2116 multis

259 2172 263 2180 ’
354 2141 507 2210 laudibus
524 2137 731 2221 prosequitur
744 2127 866 2216 Idyllio
884 2137 1033 2218 septimo.
1063 2147 1226 2223 Κεραστας
1251 2154 1363 2201 autem

355 2247 390 2294 et
416 2221 560 2308 Κομάτας
580 2235 657 2282 sunt
678 2214 861 2302 συνώνυμα,
882 2265 883 2272 1
900 2236 936 2282 vt
956 2222 1049 2303 κέρας
1078 2236 1111 2284 et
1130 2219 1221 2306 κόμη.
1251 2223 1362 2306 Hesy-

358 2314 468 2378 chius:
491 2308 646 2394 κεραοταί,
668 2306 996 2390 matriculariae.
1012 2305 1111 2382 [Add.
1123 2307 1360 2372 Heins.Lectt

358 2399 497 2461 Theocr.
520 2417 552 2477 p.
568 2390 654 2474 544]
847 2459 850 2467 Α
1447 2397 1448 2400 ’

314 2483 397 2554 ἀλλ’
418 2479 463 2550 οὗ
480 2473 681 2558 dirimit]
698 2476 759 2536 Est
774 2475 853 2538 baec
870 2476 1054 2538 coniectura
1071 2475 1235 2558 Salmasii,
1262 2477 1361 2542 ducta

289 2629 293 2636 .
357 2593 398 2633 ex
411 2563 560 2650 vestigiis
574 2565 724 2645 vulgatae
739 2557 909 2636 lectionis,
932 2559 997 2628 ἀλλ’
1011 2559 1046 2628 οὗ
1059 2565 1207 2640 gmtmgc,
1237 2567 1361 2628 Proba·

356 2667 435 2718 runt
450 2672 518 2711 earn
534 2646 691 2730 Scaliger,
716 2645 856 2728 aliique,
881 2660 914 2706 et
926 2646 998 2707 iure
1015 2647 1156 2732 quidem.
1193 2651 1361 2714 Nimirum

356 2743 425 2803 Pan
441 2733 561 2795 amavit
578 2733 689 2797 Πίτον.
712 2731 745 2790 Si
762 2734 800 2794 πῖ
813 2727 978 2806 detrahas,
1001 2749 1145 2796 remanet
1156 2737 1239 2816 ἴτυς,
1271 2735 1363 2820 quod

358 2839 408 2886 est
421 2823 516 2902 τέρμα
533 2812 644 2914 σάκους
652 2866 662 2895 ,
682 2814 746 2876 hoc
759 2829 822 2889 est,
846 2811 1108 2878 circumferentia
1124 2835 1158 2880 et
1173 2821 1360 2884 extremitas

360 2906 479 2989 clypei.
502 2909 566 2976 ἴτυς
592 2923 678 2963 emm
708 2910 756 2959 est
787 2897 901 2973 παντός
925 2905 1106 2987 περιφεροῦς
1127 2901 1166 2970 td
1185 2911 1363 2973 τελευταῖον

357 2995 458 3079 μέρος.
480 2991 603 3061 natiuit
620 2985 721 3070 igitur
736 2987 830 3068 τέρμα
845 2981 957 3061 σάκους
975 3001 1024 3047 est
1040 2994 1122 3072 ἴτυς,
1145 2989 1199 3052 cui
1218 2989 1310 3052 deest
1324 2993 1363 3056 πῖ

356 3077 461 3140 litera.
477 3095 569 3158 quam
585 3071 612 3132 si
627 3065 805 3145 addideris,
837 3065 957 3132 efficies
980 3071 1067 3132 illam
1082 3095 1176 3158 quam
1191 3075 1259 3136 Pan
1276 3097 1362 3142 ama·

355 3161 423 3233 vit,
448 3158 513 3218 hoc
528 3171 577 3218 est
592 3159 703 3222 Ili-ror·
733 3153 788 3214 De
805 3157 881 3235 Pity
904 3155 1022 3236 (Piuu)
1039 3179 1058 3218 a
1071 3160 1157 3222 Pane
1175 3175 1279 3221 amata
1305 3181 1361 3220 ex·

355 3239 549 3305 tathistoria
566 3239 690 3302 lib.XI.
707 3239 974 3306 lustrabantur.
997 3241 1086 3304 Hinc
1102 3243 1132 3305 ei
1146 3241 1247 3327 pinus
1255 3263 1358 3320 sacra,

356 3329 492 3409 ipseque
508 3325 632 3386 cinctus
649 3338 698 3385 cst
713 3342 830 3385 corona
846 3344 864 3384 e
883 3325 976 3406 pinu.
999 3325 1096 3408 [Add.
1111 3329 1138 3390 Ι.
1151 3331 1194 3392 H.
1209 3329 1303 3392 voss.
1319 3329 1362 3391 ad

354 3412 474 3494 virgil.
491 3409 562 3470 Ecl.
577 3431 609 3492 p.
627 3403 715 3486 561]

315 3507 597 3595 ου”οομ””ολον,
620 3507 784 3591 dicator]
808 3505 861 3569 sic
884 3509 1038 3574 distinxit
1061 3513 1253 3580 Salmasius:
1283 3536 1361 3577 narn

357 3597 446 3683 prius
468 3593 651 3679 legebatur,
683 3591 784 3671 οὔνομ’
805 3593 986 3670 distillaru-
1023 3598 1150 3662 Arnon
1169 3601 1361 3663 hicnomen
1384 3583 1400 3606 '

356 3681 500 3767 positum
516 3700 574 3762 pro
591 3677 713 3752 forma,
744 3675 793 3736 tic
811 3691 849 3740 vt
865 3677 986 3762 duplex
1001 3683 1099 3744 Panis
1109 3687 1223 3752 dorma
1236 3685 1361 3748 intelli·

357 3781 461 3851 gatur.
485 3765 585 3824 Immo
600 3773 711 3820 auctor
725 3758 819 3838 dicit,
841 3759 894 3828 τᾶν
906 3768 1002 3832 Hira
1017 3767 1136 3832 habere
1151 3769 1259 3852 cisoa*
1271 3773 1361 3852 ὅλον,

359 3849 448 3934 quod
468 3849 536 3907 scil.
558 3840 631 3912 Haiv
653 3859 803 3922 vocatur,
836 3868 918 3932 quae
941 3872 1006 3914 vox
1028 3849 1065 3917 td
1083 3855 1156 3922 diat
1178 3853 1358 3940 significat,

260 3981 262 3988 ,
355 3933 393 4000 td
410 3935 470 3999 πᾶν
486 3943 574 4012 puta.
588 3933 694 4004 dicmur
709 3944 816 3990 autem
831 3933 949 3994 Panem
965 3941 1126 4020 appellat,
1153 3941 1244 4022 quod
1262 3941 1360 4002 semi-

356 4019 409 4080 vir
424 4031 472 4078 est
487 4027 520 4075 et
532 4014 725 4096 semicaper,
751 4017 841 4098 quasi
857 4037 898 4078 ex
913 4017 1051 4082 duorum
1067 4023 1269 4088 diversorum
1286 4025 1359 4085 ani·

355 4102 487 4163 melium
506 4097 608 4158 forma
625 4099 833 4180 compositus.

312 4183 419 4262 iric
445 4185 623 4270 μέροπας
645 4178 788 4266 πόθον]
810 4185 900 4248 Haec
914 4185 953 4250 de
967 4189 1115 4277 Syringe,
1141 4197 1252 4277 puella
1275 4194 1360 4257 Pani
