2916 5020
511 1303 1024 1382 ARGUMENTUM

608 1493 860 1554 lDYLLll
898 1493 937 1550 X.

328 1809 368 1877 Iu
381 1812 447 1875 hoc
464 1808 607 1893 Idyllic,
632 1801 722 1891 quod
744 1817 850 1867 totum
872 1815 920 1866 eet
941 1799 1127 1864 bucolicum
1147 1815 1181 1864 et
1198 1799 1302 1862 mimi·

246 1939 329 1992 cum,
353 1935 518 1991 messores,
542 1913 577 1971 in
601 1909 714 1972 eodem
727 1926 803 1991 agro
819 1925 901 1989 opus
922 1903 1090 1980 facientes,
1115 1906 1305 1986 colloquun-

244 2033 308 2080 tur.
351 2017 478 2078 Horum
494 2018 590 2090 alter,
613 2012 747 2087 Battus,
771 2031 871 2094 quum
892 2003 1035 2068 metendi
1055 2003 1196 2082 laborem
1212 2023 1305 2088 uegrs

244 2113 406 2180 sustinere
426 2114 587 2191 rideatur,
611 2111 774 2174 aMilone
797 2107 1019 2196 reprehensus,
1043 2107 1133 2193 gravi
1147 2127 1182 2169 ee
1197 2105 1314 2179 tibiciax

245 2241 306 2280 nae
338 2215 504 2280 cuiusdam
532 2235 640 2277 amore
665 2212 768 2274 teneri
797 2213 922 2274 fatetur
950 2241 995 2259 -·
1025 2207 1073 2272 16.
1094 2230 1159 2296 quo
1180 2205 1305 2286 audito,

246 2319 351 2395 Milo,
374 2317 473 2380 homo
494 2315 592 2378 durus
606 2330 639 2379 et
662 2313 784 2375 rustico
805 2313 896 2396 operi
910 2311 1005 2374 vnice
1025 2310 1192 2390 intentus,
1216 2310 1308 2374 soda-

247 2425 310 2482 lem
328 2416 460 2496 irridet,
484 2432 537 2497 ct,
561 2432 598 2480 vt
617 2415 709 2478 labor
729 2412 846 2474 melius
867 2413 1039 2498 procedat,
1069 2413 1111 2474 ad
1129 2411 1309 2476 cauendum
1343 2415 1348 2428 '

249 2521 432 2582 invitat-
464 2507 515 2585 25.
536 2519 689 2607 Sequitur
705 2515 794 2578 Batti
812 2537 948 2594 carmen,
972 2538 1036 2602 quc
1049 2519 1202 2601 puellam,
1227 2530 1309 2578 cete·

249 2622 292 2683 ris
308 2621 457 2683 omuibus
477 2619 671 2698 deformem,
696 2615 759 2680 sibi
779 2619 837 2681 vni
859 2635 1027 2683 venustum
1042 2641 1111 2683 esse
1124 2618 1244 2694 visum,
1268 2615 1309 2678 ob

249 2723 370 2785 formae
392 2723 622 2807 praestantiam
644 2721 783 2784 celebrat
807 2755 852 2773 -
880 2719 930 2806 57.
950 2723 1040 2784 Huic
1063 2719 1199 2782 carmini
1221 2719 1310 2781 Milo

249 2825 390 2908 opponit
415 2824 520 2902 aliud,
555 2837 593 2884 vt
613 2845 787 2886 messorum
815 2824 903 2887 vitae
926 2822 1027 2908 magis
1049 2827 1309 2900 consentaneum,

253 2924 342 3010 quod
365 2948 436 2987 cum
451 2939 622 3009 praecepta
645 2923 799 3008 quaedam
813 2927 861 2990 rei
879 2924 1068 3000 messoriae,
1092 2938 1161 2984 tum
1176 2921 1312 2986 dicteria

252 3028 288 3087 in
311 3027 418 3111 operis
440 3025 693 3108 dispensatorem
717 3025 801 3088 iactu
821 3027 980 3090 continet.
1001 3061 1045 3078 —
1067 3026 1121 3088 Sic
1136 3023 1310 3088 lacobsius.

252 3128 320 3190 Alii
335 3129 432 3190 etiam
453 3127 516 3189 hoc
532 3131 666 3187 alterum
685 3145 811 3189 carmen
831 3127 980 3190 tribuunt
992 3128 1108 3204 Butto,
1132 3127 1169 3188 in
1180 3127 1233 3188 his
1250 3127 1312 3188 Co·

252 3250 317 3290 mes
343 3227 606 3304 eFinkensteiu,
631 3229 685 3289 cui
697 3249 805 3291 versus
821 3229 872 3295 56.
887 3231 935 3294 sic
957 3243 1156 3314 comparatus
1176 3249 1245 3292 esse
1265 3227 1313 3290 vi·

253 3328 366 3406 detur,
391 3351 430 3392 eo
450 3343 486 3390 rt
497 3329 603 3408 Milo,
627 3332 720 3392 cuius
736 3332 840 3394 oratio
860 3331 1003 3396 mordaci
1017 3331 1254 3396 exclamatione
1266 3350 1313 3394 vs.

253 3430 304 3496 4ο.
323 3445 398 3514 apte
410 3429 553 3509 finietur,
578 3432 685 3495 versui
694 3429 745 3496 41.
759 3454 777 3494 e
790 3433 888 3496 Batto
902 3433 990 3497 dicto
1004 3430 1207 3517 respondeat.
1252 3431 1314 3493 Ao·

255 3529 367 3594 cedere
383 3531 465 3610 huc,
490 3532 579 3620 quod
592 3534 725 3612 Battus,
749 3536 806 3621 qui
819 3557 850 3600 v.
866 3536 916 3602 23.
931 3557 949 3595 u
964 3533 1102 3599 canendi
1120 3549 1189 3596 erte
1203 3532 1315 3596 laude·

255 3647 326 3710 tur,
357 3633 453 3696 facile
473 3641 574 3698 multa
597 3635 784 3721 diversique
804 3638 984 3723 argumenti
1005 3637 1144 3700 carmine
1162 3636 1315 3699 memoria

255 3749 390 3812 teneret,
408 3733 557 3821 idemque
573 3737 753 3820 simplicior
767 3753 860 3817 esset,
875 3761 968 3825 quem
985 3738 1042 3822 qui
1058 3738 1205 3816 sentiret,
1222 3759 1316 3800 suum

186 3921 190 3930 .
255 3835 391 3902 cauendi
414 3837 557 3900 studium
579 3859 597 3901 a
620 3840 749 3902 Milone
771 3839 919 3906 derideri.
962 3841 1052 3903 Hinc
1072 3841 1204 3903 Battum
1218 3837 1318 3922 proli·

256 3939 329 4016 ²015,
351 3959 385 4002 se
401 3939 463 4001 iam
481 3962 607 4004 carmen
627 3965 693 4007 esee
709 3941 882 4021 dicturum,
906 3964 1037 4028 prorsus
1051 3940 1091 4004 ad
1108 3942 1248 4004 Milonis
1262 3963 1318 4026 pe·

253 4046 355 4108 letum
376 4041 509 4105 factum.
551 4043 715 4108 Milouem
737 4058 866 4122 contre,
883 4059 928 4120 ¹vt
949 4047 1008 4130 qui
1031 4041 1227 4106 carminibus
1249 4063 1318 4104 uon

250 4149 391 4208 multum
409 4143 553 4210 tribuere
574 4146 740 4225 videatur.
787 4168 854 4214 uon
873 4147 980 4234 ipsum
1003 4150 1151 4232 exemplo
1178 4140 1319 4232 quodam
