2956 5020
491 1299 1061 1374 suevuusrvn

539 1489 795 1558 1nruu11
841 1461 990 1560 xvrrr.

329 1755 454 1818 Helena
479 1762 513 1812 et
531 1747 685 1810 Menelao
708 1743 743 1806 in
769 1759 842 1810 toro
865 1747 1007 1830 nuptiali
1030 1747 1212 1825 collocatis,
1236 1729 1305 1832 pri·

245 1858 363 1928 mariae
377 1857 549 1939 Spartanae
570 1847 714 1912 civitatis
730 1847 891 1935 virgines,
916 1865 991 1912 ante
1015 1849 1200 1912 cubiculum
1217 1865 1305 1912 stau·

244 1977 306 2039 tes,
330 1953 584 2042 Epithalamium
604 1964 748 2028 cantant,
772 1950 983 2034 procedentes
1004 1952 1195 2025 adicteriis,
1219 1974 1305 2035 quaa

243 2067 290 2132 in.
301 2081 403 2124 novos
424 2055 555 2118 maritos
575 2050 699 2114 effundi
722 2051 877 2115 solebant.
906 2087 948 2102 -
982 2055 1029 2119 15.
1054 2057 1137 2116 Tum
1158 2053 1305 2115 Menelai

242 2160 392 2230 laudatur
406 2157 564 2231 felicitas,
590 2154 643 2216 cui
657 2173 733 2237 prae
749 2157 799 2216 tot
816 2155 889 2216 aliis
906 2154 1118 2217 nobilissimis
1131 2155 1209 2214 viris
1226 2175 1303 2215 con-

242 2265 366 2352 tigerit,
389 2278 426 2325 vt
439 2257 686 2348 pulcherrimam
712 2254 773 2317 sihi
787 2255 945 2342 virginem
968 2257 1174 2319 matrimonio
1189 2257 1304 2341 iunge·

241 2384 292 2432 ret
317 2402 361 2418 -
388 2383 440 2428 21.
462 2378 527 2445 quo
549 2359 602 2420 via
623 2359 769 2420 munitur
791 2357 831 2420 ad
860 2358 1137 2441 pulchritudinem
1158 2360 1304 2422 Helenae
1402 2441 1406 2451 Ι

242 2484 424 2552 ceterasque
437 2465 509 2526 eius
525 2461 662 2524 virtutes
677 2460 906 2544 praedicandas
921 2494 961 2508 -
977 2459 1029 2543 57·
1046 2462 1133 2524 Mox
1145 2460 1186 2523 ad
1200 2463 1303 2544 ipsam

240 2571 398 2634 Helenam
416 2585 587 2627 conversus
602 2562 728 2638 chorus,
752 2579 952 2648 quantopere
968 2581 1036 2622 eam
1060 2578 1143 2624 amet
1167 2579 1198 2625 er
1214 2585 1303 2627 reve·

240 2685 358 2745 rentur,
369 2665 542 2752 significat.
557 2697 598 2710 —
614 2663 757 2726 Pertinet
767 2663 830 2725 hoc
845 2683 971 2725 carmen
981 2663 1020 2724 ad
1036 2663 1172 2744 lyricum
1187 2685 1322 2750 genus„

240 2786 277 2835 vt
290 2788 324 2833 et
340 2781 562 2854 argumentum
577 2781 610 2827 et
632 2767 736 2827 omnis
756 2767 826 2829 cius
848 2765 974 2828 indoles
995 2765 1166 2844 declarant,
1188 2782 1303 2850 estque

240 2875 276 2936 iu
291 2869 570 2955 praestantissimis
591 2887 723 2950 poeseos
737 2869 876 2930 Graecae
896 2869 1044 2954 reliquiis
1059 2865 1300 2930 numerandum.

240 2973 350 3058 Quum
366 2993 432 3033 non
454 2990 518 3031 vno
534 2969 666 3031 nomine
682 2965 809 3054 differat
824 2990 840 3029 a
856 2972 991 3055 reliquis
1005 2969 1174 3046 Theocriti
1189 2968 1302 3030 carmi·

240 3073 349 3148 nibus,
368 3073 512 3147 fuerunt,
530 3071 598 3156 qui,
615 3091 654 3130 an
671 3068 748 3129 huic
766 3073 892 3130 auctori
906 3072 1114 3134 tribuendum
1131 3087 1223 3147 esset,
1242 3069 1301 3130 du·

238 3173 389 3235 hitarent.
413 3171 539 3256 Quibus
555 3173 636 3234 bene
651 3169 982 3253 respouditDablius‚
997 3174 1104 3257 poetis
1121 3173 1155 3233 in
1172 3171 1301 3234 diverso

239 3271 432 3362 generedivs
441 3295 494 3335 rso
505 3275 579 3335 stilo
589 3271 743 3334 utendum
758 3292 837 3348 esse,
847 3271 1049 3359 eundemque
1063 3289 1190 3358 poetam
1204 3274 1237 3334 in
1246 3293 1301 3335 va·

238 3374 298 3438 riis
312 3373 482 3458 generibus
498 3397 592 3458 posse
606 3377 773 3436 excellere.
793 3406 838 3421 -
860 3373 948 3434 Num
957 3375 1154 3438 Theocritus
1167 3401 1185 3438 a
1201 3377 1302 3438 Stesi-

239 3475 358 3550 choro,
382 3477 519 3559 antiquo
538 3478 720 3537 Siculorum
739 3491 855 3557 poeta,
880 3493 1031 3558 quaeest
1050 3478 1165 3561 opinio
1181 3477 1301 3541 veteris

238 3577 447 3640 Grammatici
470 3579 503 3638 in
527 3590 713 3662 argumento
733 3599 868 3662 gracco,
893 3583 1047 3639 nonnralla
1063 3581 1299 3664 rnutuatussit2

236 3677 301 3741 hoc
316 3700 386 3751 uos,
411 3679 468 3762 qui
484 3677 659 3740 Stesichori
678 3679 899 3761 Epithalamio
923 3699 1075 3756 caremus,
1100 3682 1162 3742 iam
1178 3681 1302 3744 diiudi-

236 3802 307 3844 care
330 3803 397 3842 non
414 3800 591 3863 possumus.
637 3779 786 3843 Ceterum
804 3798 853 3870 est
872 3803 913 3843 ex
933 3782 990 3844 illo
1007 3781 1299 3864 Epithalamiorum

235 3905 364 3969 genere,
388 3881 474 3967 quod
489 3879 737 3959 κατακοιμητικόν
753 3881 928 3959 dicebatur,
947 3883 1034 3966 quod
1051 3883 1136 3946 idem
1152 3899 1301 3969 spectant

234 4005 346 4046 versus
360 3981 492 4044 Pindari
508 3984 604 4064 Pyth.
620 3984 678 4046 111.
698 3982 737 4048 28
752 4020 796 4034 -
812 3983 860 4048 55.
876 3983 916 4044 ad
938 4007 1031 4070 quem
1054 3989 1160 4047 lorum
1184 3989 1301 4050 confer

189 4143 200 4154 ,
233 4107 343 4148 versus
366 4105 407 4146 ex
430 4085 584 4166 Aeschyli
603 4091 771 4152 narsem
793 4087 974 4150 Scholiasta
998 4088 1044 4148 ibi
1066 4089 1231 4172 repetitos.
1259 4125 1301 4144 .-

234 4187 496 4276 Diligentissima
516 4207 613 4269 opera
633 4186 697 4249 hoc
722 4208 847 4253 carmen
870 4204 1043 4270 tractatum
1058 4205 1108 4252 eat
1130 4191 1167 4252 iu
1181 4191 1299 4258 libello
