2796 5024
282 447 323 514 rd
475 449 790 514 OEOKPITOY
814 447 909 510 MA
921 447 1131 513 YAAION
1155 443 1186 511 si.

279 620 422 718 Σχοῖνῳ
454 615 714 721 ε’φαρμόσδων·
747 620 900 713 μέλεται
932 623 975 693 de'
1005 627 1042 693 οἱ
1080 619 1170 696 οὔτέ
1192 651 1233 698 τι
1273 620 1356 722 πή-

280 827 378 902 Οὔτε
398 827 523 924 φυτῶν
538 824 718 924 receives
725 880 740 916 ,
768 822 855 899 ὅσον
862 749 958 924 (duddi
969 828 1151 922 πλέγματι
1165 836 1296 922 γαθεῖ.

278 933 413 1007 Hercei
450 927 481 1006 d
514 927 612 1029 ἀμφὶ
644 931 753 1011 δέπας
777 931 1047 1026 amarioraret
1078 925 1188 1029 ὑγρός
1220 932 1355 1008 δίκαν-ζ

272 1130 455 1215 Λίολικόν
471 1165 511 1211 τι
525 1130 668 1236 idque·
691 1136 799 1235 τέρας
812 1039 1051 1232 κε’ῗίςῖἳνμόν
1067 1130 1209 1220 α’τῦξαι.
1299 1041 1352 1111 55

336 1391 550 1482 medensium
569 1395 742 1480 praetulit,
767 1416 863 1482 quam
883 1396 1058 1459 lectionem
1074 1397 1152 1458 item
1166 1411 1232 1458 tres
1251 1398 1347 1461 eodi-

337 1503 393 1544 ces
411 1483 445 1542 in
461 1487 535 1546 loco
549 1483 663 1568 Longi
677 1481 717 1544 sd
731 1496 877 1544 nostrum
892 1501 1047 1566 expresso
1063 1481 1235 1547 exhibent.
1261 1485 1346 1546 Vul-

362 1579 446 1628 etam
467 1583 575 1630 tamen
600 1565 746 1629 nondum
762 1567 910 1652 repudio.
939 1565 1067 1652 Quidni
1084 1567 1170 1628 enim
1187 1585 1342 1652 pastores

338 1587 397 1712 Ias
417 1651 569 1714 bestiolas
592 1650 754 1736 decipulis
772 1652 880 1715 veneti
895 1653 1040 1730 fuerint,
1063 1673 1106 1714 ne
1118 1653 1272 1718 manibus
1286 1678 1343 1740 ep-

337 1736 512 1822 prehenses
525 1735 714 1799 laederent?
737 1740 855 1800 Kiessl.

295 1821 347 1891 55.
371 1820 471 1910 πήρας
491 1843 552 1906 pro
576 1819 676 1908 πήρης
698 1823 841 1886 Brunclt.
864 1838 898 1886 et
918 1821 1074 1887 Valcken.
1093 1823 1128 1883 in
1151 1827 1252 1886 ultera
1270 1826 1340 1887 edi..

339 1909 449 1982 tione,
473 1927 554 1991 quos
569 1907 764 1970 recentiores
782 1908 886 1970 secuti
899 1923 984 1969 sunt.
996 1943 1040 1959 —
1060 1909 1123 1970 Pro
1137 1915 1250 1994 σχοίνῳ
1263 1912 1339 1973 viro

337 1991 528 2054 doctissimo
553 1993 662 2055 neseio
686 1994 740 2054 cui
765 1994 820 2056 bio
841 1997 963 2080 σχοῖνον
978 1994 1157 2077 placuisse,
1182 1999 1264 2078 quie
1277 1995 1339 2064 oiv-

337 2081 464 2162 θέρικες
498 2079 617 2139 iunceo
647 2076 703 2139 filo
741 2079 979 2166 iungebantur,
1015 2081 1144 2142 monuit
1177 2079 1336 2146 Valcken.

337 2166 457 2226 Kiessl.

294 2249 345 2318 sl.
370 2253 442 2337 111ρῖ
464 2247 624 2335 πλέγμπι]
646 2271 678 2311 ν.
701 2248 741 2310 de
761 2247 824 2311 boo
840 2272 899 2313 vsu
913 2265 1061 2335 praepos.
1076 2253 1146 2339 περῖ
1163 2250 1331 2315 Schsefer.

338 2334 378 2396 ed
391 2337 564 2420 Longum,
588 2357 619 2417 p.
637 2331 707 2420 557.
750 2334 868 2396 Kiessl.

293 2419 345 2488 55.
368 2419 461 2504 ὑγρός
474 2419 625 2500 ἄκανθος]
647 2417 790 2482 Beckius
806 2421 841 2480 in
858 2421 1066 2484 command.
1084 2421 1124 2484 de
1141 2423 1334 2509 interpreta-

335 2505 428 2568 tione
449 2518 529 2566 vett.
551 2505 701 2588 scriptor.
725 2525 814 2592 1791.
830 2502 863 2568 4.
886 2504 983 2567 editis
1006 2529 1022 2568 a
1041 2529 1114 2592 pag.
1135 2507 1182 2573 18.
1198 2525 1274 2595 sqq.
1293 2509 1333 2572 de

338 2589 498 2654 vocabulo
520 2587 615 2674 v‘ypo'c
635 2592 680 2650 ita
703 2589 865 2673 disputet,
890 2606 927 2653 vt
948 2589 1080 2668 doceat,
1105 2591 1217 2678 dypdv,
1242 2594 1332 2680 quod

334 2673 538 2740 descendite
554 2675 656 2758 stirpe
670 2675 735 2762 t'iyo
742 2677 831 2756 (Lat.
840 2697 937 2760 sugo:
961 2675 1180 2738 ci,Scheidius
1194 2677 1236 2740 ed
1243 2683 1332 2742 Len·

333 2761 427 2847 nepii
446 2763 531 2824 Lex.
555 2775 653 2842 etym.
679 2785 723 2846 gr.
740 2765 779 2822 T.
792 2761 837 2822 II.
852 2782 883 2843 p.
902 2780 993 2844 1019.
1009 2782 1032 2824 s.
1048 2760 1119 2822 add.
1135 2763 1278 2827 Riemer.
1294 2765 1330 2825 in

334 2848 420 2908 Lex.
436 2869 483 2930 gr.
499 2845 558 2905 sub
577 2840 653 2930 iios),
665 2867 732 2906 non
748 2845 887 2928 quodvis
899 2845 1066 2907 humidum
1080 2849 1213 2932 proprie
1229 2848 1332 2936 signi·

333 2932 443 2991 ficasse
463 2928 588 3005 videri,
611 2927 667 2990 sed
690 2927 779 3014 quod
790 2928 925 2992 humore
941 2932 1140 3014 aliquantum
1157 2933 1331 2996 intumuis-

329 3029 399 3090 set,
424 3014 469 3073 ita
491 3027 530 3072 vt
552 3013 581 3074 si
607 3013 679 3098 quis
699 3015 817 3076 leviter
839 3028 1006 3100 tangeret,
1030 3019 1165 3080 sentiret
1186 3019 1331 3080 molliter

334 3097 417 3160 illud
440 3097 561 3160 cedere.
591 3098 685 3161 Vnde
707 3097 786 3184 ὑγροὶ
801 3099 934 3168 κέλευθα
947 3101 1108 3162 Homerus
1123 3117 1156 3164 et
1171 3103 1328 3189 simplici·

333 3199 384 3246 ter
397 3183 489 3268 ὑγρήν
504 3204 589 3244 more
606 3181 707 3262 dixit,
731 3183 787 3245 vbi
805 3184 844 3245 de
861 3186 940 3246 meri
954 3185 1084 3270 placido
1101 3203 1134 3249 et
1146 3189 1213 3248 leni
1228 3191 1327 3251 intel·

331 3270 394 3355 ligi
416 3275 505 3343 vult;
530 3267 616 3330 idem
637 3268 718 3354 ὕδωρ
736 3267 880 3417 &Olym
896 3269 954 3343 IV,
970 3270 1043 3335 458.
1051 3273 1078 3354 ),
1103 3271 1225 3354 ἔλαιον,
1246 3271 1326 3362 yu'ict

331 3353 510 3439 appellavit
536 3351 650 3437 ὑγρόν,
682 3371 715 3416 et
769 3353 852 3437 dyss.
875 3355 967 3418 XIX.
990 3355 1065 3421 440.
1093 3361 1185 3441 μένος
1207 3357 1328 3444 ἀνέμων

329 3436 423 3524 lybii
436 3436 551 3504 ἀέντων
566 3442 839 3502 commemoravit.
869 3440 972 3524 Quem
987 3442 1144 3525 loquendi
1160 3465 1253 3505 vsum
1268 3466 1326 3529 po·

327 3525 479 3587 steriores
500 3521 618 3584 imitati
640 3540 734 3602 sunt,
759 3524 795 3584 in
809 3523 861 3586 bis
876 3525 1071 3588 Theocritus
1084 3527 1181 3610 Idyll.
1197 3529 1324 3604 XVIII,

327 3609 380 3673 45.
403 3609 475 3684 XV,
494 3629 562 3689 117.
590 3609 723 3672 Deinde
746 3610 879 3672 omnino
894 3611 1052 3696 quicquid
1068 3633 1243 3696 aquosum,
1266 3615 1327 3676 hu·

327 3693 491 3755 midumve
514 3708 612 3770 esset,
642 3693 733 3780 ὑγρόν
756 3695 878 3758 dictum
902 3711 966 3772 est,
990 3709 1027 3758 vt
1051 3697 1187 3774 fluctus,
1221 3697 1324 3762 fluvii.

328 3778 503 3861 Denique,
528 3779 685 3862 quicquid
707 3781 873 3842 humorem
898 3782 1099 3860 contineret,
1124 3774 1180 3844 int
1193 3783 1324 3871 liquore

216 3861 222 3874 “
329 3883 537 3946 conspersum
559 3879 660 3941 esset,
684 3881 721 3928 vt
743 3860 833 3950 ὑγρός
854 3863 956 3948 ciyxoiv
975 3867 1320 3956 Sopb.Antig.1256.

275 3955 278 3962 ’
328 3955 436 4034 (1222.
454 3946 709 4033 ed.Erf.min.).
740 3953 793 4012 Ex
807 3951 910 4033 prime
924 3952 1061 4014 notione
1077 3951 1242 4017 fluxerunt
1256 3969 1322 4015 tro·

326 4037 421 4122 picae
445 4031 598 4116 quaedem
620 4033 876 4122 significationes
894 4037 1065 4114 vocabuli,
1090 4039 1125 4099 in
1143 4040 1261 4124 quibits
1273 4059 1321 4100 re·

349 4131 441 4182 naret
468 4118 563 4180 notio
588 4121 746 4182 mollioris
767 4121 914 4183 tumoris.
957 4123 1011 4185 Sic
1029 4123 1171 4186 Pindaro
1194 4125 1327 4199 dictum*

325 4147 469 4290 iyth.1‚
492 4223 540 4290 17.
560 4203 652 4294 ὑγρόν
673 4207 767 4280 seim
788 4207 915 4290 aquilae
929 4208 1021 4273 Jovis
1034 4225 1160 4293 sceptro
1177 4209 1320 4272 insiden-
