2942 5014
275 403 576 518 rnuocnrrr
607 429 880 518 minutou'
912 454 1057 521 xxrx.
1141 465 1200 546 751

124 627 174 696 At
187 585 332 693 firmiter
346 635 465 688 tenero
482 621 533 689 ori
550 633 609 688 tuo
625 620 824 689 adhaerebo.

561 745 767 761 ffl

124 803 322 883 Memento,
343 812 379 865 te
396 823 487 866 anuo
502 797 671 887 superiori
684 795 787 863 fuisse
803 798 985 888 iuniorem,

123 905 262 992 Nosque
278 917 561 985 consenescere,
584 923 689 987 quam
706 924 863 990 exspuas,

123 1009 172 1076 Et
186 1030 286 1096 rugas
303 1009 523 1085 contrahere,
545 1006 793 1094 inventamque
807 1011 960 1077 revocari

123 1113 204 1182 Non
216 1113 316 1177 licere
329 1137 337 1176 ε
362 1113 432 1176 alas
447 1109 537 1175 enim
552 1109 589 1174 in
605 1108 756 1174 humeris
772 1123 894 1193 gestat:

124 1217 174 1286 Et
189 1238 249 1280 nos
263 1215 430 1280 tardiores
442 1235 577 1293 sumus,
608 1233 710 1297 quam
726 1221 761 1274 vt
775 1213 920 1280 volatica
939 1217 1201 1306 prebendarum.

126 1317 220 1386 Haec
235 1317 328 1382 decet
341 1327 375 1380 te
388 1329 604 1405 reputantem
620 1337 687 1379 esse
702 1315 894 1386 molliorem

125 1421 252 1506 Meque
267 1419 395 1484 sincere
409 1430 583 1484 amantem
601 1416 791 1498 redamare,

126 1513 189 1600 Vt,
213 1522 274 1587 vbi
289 1532 443 1586 mentum
455 1519 554 1586 virile
569 1519 720 1596 habebis,

127 1626 251 1692 Mutuo
266 1626 371 1690 simus
390 1624 530 1690 Achillei
544 1624 656 1690 amici.

127 1726 190 1794 Sin
206 1727 289 1792 haec
306 1726 415 1792 ventis
429 1725 571 1792 ferenda
584 1725 777 1808 committis,

129 1829 177 1898 Et
191 1843 302 1895 tecum
316 1830 462 1918 cogites:
484 1829 567 1916 quid
580 1830 682 1902 mihi,
706 1852 726 1892 ο
742 1829 850 1912 bone,
870 1832 1033 1902 molestus
1047 1838 1106 1904 οη

128 1933 227 2001 Nunc
243 1935 370 1999 etiamsi
386 1935 430 1998 ad
442 1955 548 2000 aurea
561 1934 651 2000 mals
665 1943 724 1998 tua
739 1953 840 1998 causa

128 2037 276 2111 Abeam,
300 2049 335 2102 et
346 2039 518 2103 custodem
532 2035 771 2104 defunctorum
786 2035 992 2106 Cerberum:

195 2251 337 2312 alienum
361 2269 446 2325 esse,
478 2248 623 2336 nequer?
645 2247 682 2315 osi
703 2243 853 2332 μνάσθης
867 2249 964 2311 scribi
985 2274 1097 2336 posse,
1130 2255 1200 2319 sios

195 2336 361 2418 antiquam
383 2335 576 2412 lectionem,
607 2334 677 2395 sive
700 2350 826 2418 tempus
847 2335 939 2396 verbi
962 2355 1095 2420 spectes.
1125 2347 1200 2408 Mt.

194 2446 308 2504 μνασο,
346 2418 454 2492 addit,
478 2421 617 2502 primum
648 2421 715 2481 fuit
740 2419 839 2480 huius
862 2417 972 2498 versus
996 2424 1199 2502 vocabulum,

194 2519 393 2566 monstrante
415 2503 450 2564 id
470 2520 580 2571 vetere
599 2504 768 2586 scriptura.
799 2505 852 2566 Ad
871 2527 999 2570 omnem
1022 2511 1133 2570 locum
1151 2531 1198 2571 vs.

195 2588 235 2651 26
260 2624 302 2636 -
325 2588 376 2654 50.
398 2589 486 2650 conf.
506 2589 621 2650 Horat.
642 2589 697 2656 IV.
722 2609 769 2654 ιο.
789 2588 831 2650 sd
850 2591 1059 2676 Ligurinum.
1082 2593 1198 2656 Thom.

195 2673 330 2760 Briggs:
354 2670 550 2756 κοῖμνᾶσθην,
562 2675 610 2741 ὅτι
624 2701 672 2742 τοι
690 2672 794 2760 osbuo'
807 2671 894 2752 ἦσθα
909 2703 935 2740 ν.
978 2681 1095 2739 Kiessl.
1161 2707 1188 2730 ··

153 2775 206 2846 27.
229 2763 304 2844 χῶτι
320 2787 359 2842 γα
373 2793 416 2808 -
432 2759 688 2823 melitVelclten.
701 2760 870 2824 Bruucltio
883 2766 991 2846 placet
1007 2763 1098 2832 κὸττι.
1114 2761 1201 2848 Qua·

195 2859 271 2908 tuor
289 2845 360 2909 cdd.
375 2845 539 2932 ἔγκραλὲοι.
582 2849 698 2931 Kiessl.
1207 2893 1211 2908 .

154 2927 195 2995 28
216 2967 259 2981 -
279 2929 330 2994 50.
351 2929 377 2996 d
393 2933 466 3018 ἔχην
485 2937 563 3014 (pro
581 2936 714 3018 vulgato
733 2929 868 3020 fixos)
892 2948 926 2995 et
947 2956 995 2995 vs.
1012 2931 1063 2998 30.
1084 2943 1200 3002 συλλα-

134 3041 136 3048 *
195 3019 266 3101 βην
282 3017 381 3080 mir.
404 3021 514 3094 πὲλην·
536 3039 568 3078 v.
584 3015 634 3081 55.
657 3021 752 3101 litim
772 3017 863 3080 dedit
877 3019 1018 3081 Brunck.
1050 3023 1087 3082 In
1112 3022 1199 3083 notis

196 3104 289 3166 malit
304 3099 461 3185 συλλάβην
479 3103 614 3164 aeolice.
631 3125 662 3165 v.
680 3107 814 3190 Gregor.
835 3103 874 3166 de
889 3103 963 3166 dial.
982 3110 1063 3167 scol.
1080 3114 1109 3184 ο.
1123 3107 1198 3169 LII.

151 3201 154 3206 '
186 3187 309 3272 ,Valcln
332 3210 390 3270 pro
417 3189 501 3274 ἔχειν
529 3187 659 3270 scripsit
680 3187 755 3274 ἔχεν
782 3204 815 3251 et
840 3209 885 3251 vs.
912 3208 961 3276 ²9·
985 3190 1101 3274 probet
1121 3193 1197 3262 ἕντι,

194 3272 284 3360 quod
304 3273 446 3336 Brunclt.
470 3270 569 3334 dedit.
586 3275 701 3338 Velclt.
728 3275 866 3338 retinuit
884 3273 1080 3362 (insitiuum,
1110 3275 1200 3362 qnod
1263 3319 1269 3326 -

194 3381 237 3422 ex
254 3373 391 3444 quotuor
405 3355 477 3420 cdd.
492 3355 625 3420 adnotat
641 3357 806 3422 Guisford.
851 3361 894 3420 At
916 3362 992 3423 ferri
1007 3385 1072 3423 non
1090 3374 1201 3445 potest

195 3443 237 3506 ob
261 3443 394 3526 primam
412 3459 600 3527 correptam.
645 3445 743 3508 Conf.
767 3443 861 3552 ldyll.
880 3445 951 3508 XV.
980 3445 1047 3510 104.
1082 3449 1199 3516 Thom.

194 3530 328 3678 Brigg5s:
352 3531 470 3612 κᾶμμες
483 3525 665 3613 βαρδύτεροι
677 3529 716 3596 sci
728 3557 886 3612 ποτωμενα
902 3535 1067 3614 colludiis.
1083 3541 1200 3598 Kiessl.

153 3609 189 3678 51
215 3647 259 3664 -
303 3611 331 3675 3.
360 3615 465 3680 Ταῦτα
496 3651 540 3664 -
561 3613 723 3700 notionis]
751 3617 891 3702 Eleguns
912 3619 1057 3694 locutio,
1095 3623 1198 3689 πέλειν

194 3695 417 3782 ποτιμώτερον,
445 3703 602 3760 mitiorem
615 3723 679 3762 esse
692 3713 722 3761 et
741 3707 929 3765 suaviorem.
964 3705 1160 3786 Metsphore
1181 3731 1199 3770 a

194 3783 300 3860 vinis,
329 3805 411 3868 quae
427 3805 492 3867 quo
513 3785 656 3864 leniora,
688 3807 727 3850 eo
749 3789 887 3872 gratiora
911 3803 944 3848 et
964 3793 1059 3871 potui
1073 3810 1198 3856 mature

194 3890 261 3932 esse
296 3873 411 3930 solent.
446 3871 542 3949 Toup.
570 3870 679 3948 ὅππως
706 3893 765 3954 pro
797 3873 882 3949 ὅπως
902 3874 1042 3934 Brunck.
1064 3893 1098 3938 et
1123 3880 1199 3940 Vel·

195 3955 303 4103 client
324 3955 387 4016 Pro
416 3953 489 4044 ito?
511 3954 548 4014 in
577 3956 765 4043 apographo
794 3973 826 4020 et
846 3958 994 4043 pluribus
1015 3959 1087 4022 cdd.
1108 3961 1197 4050 ἔχεις.

193 4044 310 4103 Kiess.

133 4161 138 4174 =
151 4127 202 4193 54.
224 4123 395 4214 'Azsltdi'os
410 4145 471 4208 pro
487 4127 620 4210 volgato
635 4123 805 4212 Ἀχιλλὴΐοι
819 4153 892 4192 cum
908 4129 1091 4198 Scbaefcro.
1137 4136 1176 4198 K.

151 4211 191 4280 55
212 4249 256 4264 --
277 4213 328 4282 58.
351 4211 506 4278 Velclseu.
525 4209 728 4276 scribendum
742 4229 836 4299 putat
858 4217 895 4282 o'r'
914 4218 950 4282 δι’
967 4239 1001 4299 ys
1016 4241 1039 4280 s.
1051 4247 1090 4305 φα
1104 4219 1198 4288 ταῦτα
