2924 5018
285 485 349 555 868
721 481 932 544 ΣΧΟΑΙΑ.

290 658 379 746 ρόριν
400 661 469 736 σοῦ,
491 643 705 734 ῦἈμαρῦλλε
724 651 810 730 φίλη,
840 645 999 731 φυλάσσω,
1024 646 1174 730 ίμπλὲξας
1194 647 1301 718 αῦτδν
1324 651 1381 717 κό-

292 749 360 824 λυξι
372 745 491 818 κισσοῦ,
513 732 582 804 όντλ
601 741 658 800 τοῦ
671 731 850 820 κορύμβοις,
873 736 926 798 καί
947 729 1077 826 εῦοόδεομ
1090 739 1238 811 σελίνοις.

380 826 432 892 25.
455 827 571 906 [ΚΑΛ.
595 817 777 904 Κορῦμβοις
789 817 1125 904 τριακονιαφόλλοις.]“

379 917 429 984 24.
454 917 666 982 ΔΤΣΣΟΟΣ.
690 908 732 976 ‘O
752 911 909 988 δυσκόλως
927 909 1115 994 σωζόμενος,
1136 909 1161 994 ἢ
1179 905 1197 978 ό
1212 917 1377 1020 δυσηεροῖς

295 1004 494 1087 διωκόμενος.
519 997 668 1072 λαοσσόος
679 995 738 1080 μολρ
754 993 774 1078 ἡ
794 993 930 1080 Ἀθηνᾶ,
952 992 974 1078 ἦ
990 994 1065 1062 λαόν
1081 995 1254 1078 διώκουσα,
1280 1027 1303 1082 η
1320 999 1377 1066 σοί-

296 1099 400 1172 ζουσα.
431 1085 564 1154 δόοσοον
577 1081 635 1168 γῦρ
659 1085 691 1148 οί
711 1083 765 1164 μὲν
786 1081 839 1148 τόν
857 1085 1083 1164 κακοδαίμονα,
1115 1087 1147 1148 οί
1166 1083 1201 1148 δὲ
1221 1081 1281 1149 τόν
1305 1091 1376 1161 δυς-

250 1191 259 1212 ·
296 1186 393 1266 χεροῖς
412 1171 597 1254 σωζόμενον,
619 1165 703 1250 παρὰ
724 1164 758 1232 τῦ
782 1163 864 1242 σόος.
886 1169 939 1232 καί
959 1164 1116 1253 Ὀμηρος·
1139 1165 1314 1247 ’Όππως
1339 1175 1378 1236 οἱ

296 1258 401 1342 παρῦ
422 1257 539 1338 νηυσί
566 1251 655 1318 σόοι
681 1253 895 1336 μαχέοιντο
916 1247 1080 1336 Ἀχαιοί.
1127 1251 1280 1334 [Ἄλλως
1313 1253 1373 1322 ἆετό

296 1355 355 1415 τοῦ
367 1351 422 1422 δνς
434 1341 469 1410 τό
488 1337 596 1418 κακόν,
618 1339 740 1402 καὶτοῦ
753 1334 834 1403 σεόω
849 1345 907 1403 τοῦ
919 1334 1030 1422 ὁρμαὶ]

385 1447 434 1510 τό.
459 1447 634 1509 ΒΑΙΤΑΝ.
666 1438 727 1522 λίην
747 1438 909 1522 μηλωτήν,
931 1437 1031 1522 ἢτήν
1050 1443 1226 1524 διφθέραν,
1261 1449 1369 1525 φησίν,

297 1534 475 1614 ῦποββίψας
488 1531 539 1594 καί
553 1524 768 1608 ἐκδυσάμενος,
791 1527 834 1600 είς
853 1523 910 1606 τὴν
922 1523 1082 1592 θάλασσαν
1097 1526 1257 1614 [ἐκεῖθεν]
1279 1525 1370 1594 ἆλοῦ-

298 1647 367 1708 μαι,
400 1617 509 1694 ὅέστι,
540 1610 683 1694 πηδήσω,
712 1607 734 1691 ἢ
756 1608 887 1693 ἐμαυτόν
907 1613 1009 1692 βίψω,
1039 1609 1118 1676 ὅθεν
1141 1607 1157 1675 ό
1183 1610 1372 1678 ΟΛΠΙΣό

296 1701 401 1778 δλιεῦς
425 1701 747 1777 ΣΚΟΠΙΑΖΕΤΛΙ,
783 1693 883 1782 ἤγουν
912 1693 974 1762 όπδ
996 1695 1153 1780 μετεώρου
1177 1696 1281 1764 τόπου
1299 1722 1368 1764 σκο-

298 1789 388 1858 πεόει
410 1783 432 1870 ἢ
450 1782 571 1871 όγρεῦει
589 1781 663 1858 τοῦς
682 1779 839 1861 θόννους,
861 1779 935 1858 τοῦς
947 1779 1066 1866 ίχθῦας,
1091 1781 1234 1866 [Σκοπιολ
1250 1779 1268 1848 ό
1284 1780 1365 1864 ῦψη-

297 1874 350 1952 λδς
365 1875 418 1939 καλ
430 1865 639 1950 ίπανεστηκεδς
652 1864 754 1943 τόπος.
794 1865 828 1931 τό
844 1867 876 1932 δὲ
892 1865 988 1946 όλπις,
1003 1862 1066 1932 οίπδ
1080 1874 1139 1932 τοῦ
1152 1870 1246 1948 λίπω,
1271 1873 1368 1948 λοπίς,
1437 1867 1438 1888 ³

297 1964 351 2027 καὶ
378 1963 410 2024 ἐν
436 1953 600 2038 όπερθίσει
628 1960 686 2017 τοῦ
711 1977 728 2016 ο
755 1959 855 2030 ολπις,
898 1945 1007 2026 ότοῦς
1029 1951 1228 2028 ’λεπιδωτοῦς
1258 1953 1369 2060 effice

298 2042 459 2132 όγρεῦων,
481 2039 503 2122 ἢ
522 2036 595 2116 τοῦς
613 2039 749 2112 ἔλλοπας.
779 2039 839 2101 ἔστι
861 2036 893 2102 δὲ
906 2039 1115 2119 πεποιημένον
1130 2037 1251 2120 ὄνομα,
1276 2067 1295 2121 η
1312 2039 1365 2102 κε’·-

299 2157 368 2218 ριον
382 2137 440 2194 τοῦ
454 2121 569 2199 ῦλιίως.
604 2121 737 2196 Ἀλλως.
755 2120 881 2200 Ὀλπις,
903 2119 937 2189 τδ
953 2120 1053 2204 ὄνομα
1067 2130 1125 2187 τοῦ
1139 2120 1262 2205 ἁλιέως,
1284 2123 1367 2208 παρό

296 2214 355 2298 τὴν
369 2217 476 2280 λεπίδα
490 2219 550 2276 τοῖν
565 2205 695 2292 ίηδόων,
708 2203 731 2289 ἢ
744 2204 827 2290 παρὰ
843 2205 898 2288 τὴν
912 2213 971 2271 τοῦ
983 2205 1123 2290 σώματος
1139 2212 1252 2291 σχέσιν.
1276 2209 1365 2276 ὄλπιν

296 2301 356 2390 μόρ
372 2321 449 2382 φασι
459 2294 516 2379 τήν
536 2293 689 2376 λήκυθον·
718 2287 760 2368 ὥς
779 2291 858 2358 εἶναι
876 2290 958 2376 παρῦ
972 2289 1028 2373 τὴν
1045 2293 1232 2377 σμικρότητα
1246 2294 1283 2360 τό
1297 2293 1364 2361 ῦνο-

297 2411 348 2470 μα·
371 2383 494 2467 ἢόλπις
515 2377 531 2448 ό
550 2377 763 2453 τοῦςδλλοπας
782 2375 940 2463 οίγρεόων,
962 2375 1039 2442 κατὰ
1061 2377 1221 2464 διαφορὰν
1234 2389 1299 2446 τοῖν
1314 2380 1362 2445 ῦλ-

296 2481 359 2538 λων
380 2467 499 2536 ἆλιίων.
530 2467 587 2532 είσλ
608 2461 664 2550 γὰρ
688 2463 741 2528 καί
762 2464 874 2550 ἕτεροι,
898 2465 930 2528 οί
948 2463 1021 2550 περὶ
1041 2460 1078 2528 τό
1093 2462 1204 2548 όστρεα
1219 2460 1365 2552 ἆσχολοῦ·
1438 2532 1439 2576 ρ

319 2584 393 2624 ενοι.

293 2585 316 2643 μ
383 2675 434 2740 27.
459 2659 589 2718 KHKA.
614 2653 677 2716 Καὶ
688 2649 742 2718 ἐὰν
753 2647 795 2732 μῦ
810 2643 973 2730 ῦποθόνω,
996 2654 1104 2733 φησίν,
1128 2649 1215 2734 ὅμως
1229 2650 1363 2741 εῦφραν-

294 2741 392 2830 θήσῃ,
406 2739 452 2806 ότι
464 2741 575 2822 λ’ρίρίιψα
591 2734 733 2821 ἐμαυτόν·
761 2731 784 2818 εἲ
798 2737 870 2810 τίως
885 2733 918 2801 τό
935 2743 1077 2820 πρᾶγμα,
1101 2734 1120 2802 ό
1135 2760 1169 2804 σε
1181 2741 1296 2825 τέρπει,
1318 2769 1364 2828 με.

313 2831 425 2910 ίνηται.

292 2855 311 2916 y
381 2925 430 2988 28.
454 2929 620 2992 ΕΓΝΩΝ.
636 2923 776 3000 Ὀνοῦς·
798 2918 858 3006 πρό
871 2916 987 3007 ὀλίγον,
1011 2919 1060 2990 δ’τε
1072 2935 1202 3008 σημεῖον
1216 2928 1362 3006 θέλοντός

294 3037 356 3096 μου
370 3016 486 3096 λαβεῖν,
501 3015 528 3077 εί
541 3022 651 3092 φιλεῖς,
674 3009 707 3076 τό
722 3009 849 3092 φύλλον,
873 3003 910 3072 δι’
924 2998 964 3072 οῦ
978 3005 998 3091 ἦ
1015 3016 1103 3090 φιλία
1117 3017 1280 3095 δηλοῦται,
1301 3011 1359 3080 ῦπδ

293 3105 356 3162 ταῖν
368 3103 477 3182 χειροῖν
491 3098 709 3180 πληττόμενον,
732 3089 790 3160 οῦκ
806 3088 910 3175 όφηκε
924 3091 979 3159 τόν
991 3093 1113 3177 ψόφον.

382 3218 429 3283 ορ.
463 3203 578 3263 om
605 3205 656 3261 νο
682 3201 953 3262 νιτΛοοιΛοΝ
972 3201 1285 3270 ΠοτοΜΑΞΑνο
1309 3207 1358 3267 τυ

295 3287 588 3349 ΠΛΑΓΑΓΗΜΑ.
616 3279 675 3348 Ἐν
697 3281 800 3356 ἄλλοις
819 3279 969 3366 γράφεται
992 3285 1045 3347 καλ
1065 3281 1158 3350 οῦτω·
1193 3284 1299 3352 Οῦδλ
1317 3287 1356 3353 τό

295 3371 507 3449 τηλίφιλον
538 3365 858 3449 ποτιμοξόμενον
885 3367 1143 3452 πλατίγησεν.
1191 3375 1353 3454 τηλὲφιλαν

295 3455 328 3518 δί
342 3456 402 3518 ἔστι
415 3451 449 3518 τό
463 3452 581 3536 φόλλον
593 3460 647 3534 τῆς
660 3451 813 3536 μήκωνος.
836 3451 922 3514 ἄλλοι
935 3453 968 3516 δὲ
981 3452 1120 3536 βοτάνην
1132 3458 1240 3540 ἑτέραν
1253 3461 1354 3544 λέγον·

293 3560 343 3604 σιν
363 3537 441 3602 εἶναι
454 3535 538 3605 αῦτό.
569 3542 629 3604 είτε
648 3539 680 3604 δὲ
700 3544 803 3615 τοῦτο,
822 3539 885 3602 είτε
904 3536 1005 3604 ἐκεῖνό
1026 3541 1118 3619 ἐστιν,
1140 3537 1353 3628 ῦναλαμβόνε-

290 3649 341 3688 ται
353 3621 435 3708 παρὰ
449 3631 509 3692 τιῦν
522 3622 662 3708 ἐρώντων
672 3621 707 3687 τῦ
718 3624 889 3704 τηλέφιλον,
912 3625 964 3686 καί
978 3624 1188 3707 πληττόμενον
1205 3633 1236 3692 εί
1244 3628 1352 3710 ψόφον

290 3705 440 3789 οίπετίλει,
463 3713 566 3775 ἐδίδου
585 3703 689 3782 αῦτοῑς
707 3712 924 3788 σημειοῦσθαι,
947 3705 994 3772 ότι
1011 3707 1201 3794 ῦντερεῦνται
1214 3710 1279 3780 ῦπό
1294 3723 1353 3780 νῦν

291 3796 462 3878 ἐρωμένων·
490 3797 518 3859 εί
536 3788 561 3857 δ’
581 3787 638 3858 οῦκ
657 3788 802 3872 ῦπετέλει,
823 3789 870 3856 ότι
889 3800 1060 3872 μισοῦνται.
1091 3801 1210 3880 εἴρηται
1226 3799 1352 3882 δὲτηλὲ·

290 3891 382 3959 φιλον
395 3876 471 3942 κατδ
484 3881 649 3942 κοινωνίαν
663 3884 721 3942 τοῦ
735 3903 752 3941 τ
765 3875 843 3962 πρός
856 3873 890 3942 τό
912 3881 939 3958 δ,
963 3881 1061 3944 οίονελ
1076 3881 1246 3962 δηλίφιλόν
1261 3911 1290 3948 τι
1305 3885 1352 3965 όν,

287 3960 322 4029 τό
337 3969 452 4048 δηλοῦν
464 3961 517 4028 τόν
533 3967 637 4044 φίλον.
669 3960 804 4038 Ἀλλως·
826 3957 860 4026 τό
873 3963 1046 4044 τηλέφιλον,
1068 3968 1166 4046 ῥιζίον
1183 3993 1213 4031 τι
1225 3977 1352 4052 θαμνιῦ·

288 4050 349 4123 δες·
371 4048 512 4114 κότωθεν
526 4049 559 4114 δὲ
572 4044 732 4132 ῦναβαίνει
743 4052 921 4133 τρίκλωνον·
943 4047 1017 4123 τοῦς
1029 4049 1063 4114 δὲ
1076 4057 1196 4128 κλῶνας
1204 4055 1265 4135 ἔχει
1278 4059 1348 4140 δρα-

285 4140 364 4214 χμῖς
383 4137 523 4216 μείζονας
542 4137 753 4214 σπιθαμιαίας·
781 4129 819 4198 τό
831 4131 863 4197 δὲ
882 4129 984 4214 φῦλλα
1005 4134 1087 4198 ίοικε
1101 4143 1146 4220 τεῦ
1158 4144 1349 4222 σπειρομίνω

283 4223 382 4304 λωτρῖ·
402 4215 497 4302 λοβόν
516 4217 548 4284 δὲ
567 4213 696 4301 όφλησιν
717 4220 878 4302 ἑλικοειδῆ·
908 4219 942 4285 ἓν
963 4205 991 4310 ιβ
1009 4217 1044 4285 νδ
1065 4223 1199 4304 σπέρμα,
1224 4211 1267 4290 οῦ
1286 4205 1346 4290 ἐπί-
