2874 5018
290 469 351 536 122
477 471 1118 570 OEOKPJYOTEJA=YAA10N
1140 467 1177 557 γ’.

283 642 353 724 Ὡς
368 645 452 738 μέλι
468 669 530 716 τοι
546 631 656 736 γλοιοῦ
671 640 784 714 τοῦτο
800 636 894 714 uoto?
907 637 1089 742 βρόχθοιο
1105 648 1260 742 γένοιτο.

347 925 378 965 v.
393 904 515 964 Staver.
532 898 574 960 ad
596 898 724 962 Cornel.
739 899 822 1003 Nep.
837 899 928 963 VIII.
943 919 972 965 2.
987 901 1018 966 6.
1053 902 1231 990 [Aristoph.
1246 906 1333 970 Nub.

345 986 410 1053 ἀλλ’
429 983 494 1052 οὐδ’
513 990 528 1051 ι’
545 982 570 1050 ω’
586 989 691 1068 μέντοι
711 1012 815 1052 usone
843 1011 875 1071 ys
891 991 1036 1070 κείσομαι.
1070 989 1127 1050 vbi
1147 1013 1177 1052 v.
1202 991 1333 1076 interpr.

348 1073 414 1134 Cur
432 1070 471 1130 ad
494 1013 628 1131 atiiletaa
652 1069 817 1147 abeamus,
842 1093 938 1156 quum
961 1074 1082 1150 etalii,
1107 1077 1164 1158 qui
1180 1097 1245 1137 non
1261 1092 1336 1138 aunt

344 1155 491 1231 athletae,
517 1175 621 1238 aeque
633 1170 731 1239 etque
745 1155 782 1214 hi
795 1157 946 1239 prostrati
963 1157 1065 1220 iacere
1080 1161 1210 1243 proprie
1226 1161 1334 1222 dican·

344 1241 421 1302 tur?
444 1242 573 1316 Χίοισι]
604 1264 646 1286 ··-
674 1243 730 1306 καί
734 1243 737 1250 ’
749 1240 771 1304 i.
798 1261 825 1302 e.
841 1246 894 1306 καὶ
915 1245 951 1306 αι’
971 1248 1023 1306 vel
1042 1249 1071 1308 εἰ
1087 1247 1181 1304 mulit
1199 1246 1329 1321 Reislte,

345 1331 474 1386 tametsi
489 1349 535 1386 me
549 1329 619 1407 lupi
631 1327 684 1386 Ιιδο
699 1327 927 1388 devoraverint.
971 1328 1185 1392 Valckeuerio
1201 1329 1332 1414 quidem

343 1417 451 1494 placet
473 1410 649 1472 sententia:
681 1410 721 1470 ad
742 1411 828 1470 illam
850 1427 954 1472 tamen
979 1410 1179 1476 efficiendum
1194 1415 1334 1476 scriben-

344 1493 421 1556 dum
441 1511 535 1580 putat
549 1489 576 1560 κ’
588 1501 618 1560 εἰ
631 1501 676 1562 τοὶ
692 1504 720 1560 t.
746 1495 897 1582 ‘Vulgata
918 1509 1022 1560 tamen
1043 1499 1142 1560 lectio
1158 1497 1240 1559 mihi
1264 1500 1332 1582 qui·

344 1580 415 1642 dem
437 1581 535 1666 magis
557 1577 712 1651 arridetz„
727 1578 879 1662 abruptae
910 1582 995 1642 enim
1016 1583 1192 1645 sententiae
1215 1599 1250 1645 et
1269 1605 1331 1646 cre·

342 1665 449 1738 briona
471 1665 608 1728 membra
627 1679 812 1751 mutataque
838 1681 999 1726 structura
1021 1668 1164 1744 vltimam
1184 1674 1332 1732 volunta·

343 1766 408 1812 tem
423 1766 456 1814 et
471 1750 724 1832 desperationem
738 1749 874 1810 amantis
893 1751 1007 1811 melina
1024 1753 1215 1839 graviusque
1231 1753 1335 1816 decla-

340 1851 422 1898 rant.
466 1835 555 1896 Idem
574 1835 729 1897 Valcken.
744 1833 778 1894 in
799 1834 908 1916 priore
933 1834 1010 1896 edit.
1024 1837 1140 1919 probet
1159 1840 1331 1900 lectionem

341 1919 541 2006 quorundam
559 1918 629 1981 cdd.
647 1933 678 1980 et
695 1917 845 2004 Gregorii
869 1915 908 1979 de
923 1915 998 1980 dial.
1014 1925 1036 1982 l.
1054 1945 1080 1982 c.
1098 1943 1114 1982 a
1129 1923 1259 1984 Koenio
1272 1919 1331 1983 iam

338 2004 517 2078 laudatam,
542 2003 678 2082 ἔδονται,
701 2003 791 2088 quod
809 2018 858 2064 est
880 2003 992 2066 vocab.
1014 2005 1170 2068 Atticum.
1186 2030 1217 2069 v.
1232 2008 1332 2089 Phry-

340 2089 428 2153 nich.
442 2091 477 2149 in
492 2086 652 2173 βρώσομαι
664 2111 696 2171 p.
716 2085 783 2154 154.
821 2097 851 2157 οἱ
865 2085 1001 2155 'Antenoi
1023 2089 1085 2156 ἄντ’
1103 2087 1198 2158 αὑτοῦ
1210 2095 1253 2176 τῷ
1265 2093 1332 2160 ἔδο-

339 2203 398 2261 μαι
414 2181 467 2242 καὶ
481 2176 643 2258 κατέδομαι
664 2173 812 2259 zosimae.
849 2170 882 2236 e't
904 2171 1021 2240 ἔδονται
1034 2197 1092 2258 pro
1109 2175 1208 2244 ἔδοιιι
1222 2177 1331 2238 rescri-

339 2261 405 2344 psit
418 2259 558 2322 Brunck.
575 2281 668 2344 quem
681 2272 811 2319 secutus
825 2273 874 2322 est
886 2257 1039 2323 Valcken.
1053 2259 1088 2319 in
1102 2265 1200 2324 altera
1217 2261 1331 2324 editio·

338 2357 390 2410 ne.
412 2346 509 2408 Harl.
553 2343 686 2407 Versum
708 2342 759 2406 54.
782 2341 880 2404 habet
901 2345 1115 2430 Etymologus
1135 2347 1185 2410 M.
1208 2370 1241 2430 p.
1260 2347 1329 2423 215,

338 2431 391 2496 52.
432 2431 487 2494 En
508 2449 616 2490 rursus
637 2427 906 2510 compendiariam
931 2427 1062 2504 dicendi
1087 2431 1263 2508 rationem,
1298 2431 1331 2490 in

337 2513 636 2598 ‘comparationibus
651 2527 848 2598 regnantem.
893 2513 1011 2575 Sensus
1026 2529 1087 2577 est:
1111 2514 1174 2576 hoc
1191 2517 1252 2577 tibi
1269 2532 1330 2578 tam

340 2599 519 2678 iucundum
533 2599 615 2673 erit,
637 2619 732 2684 quam
744 2613 791 2658 est
812 2595 907 2660 dulce
919 2604 981 2661 mel
1000 2620 1057 2682 per
1077 2615 1190 2686 guttur
1203 2599 1330 2664 descen·

288 2703 291 2712 ’
341 2685 428 2748 dens.
453 2683 640 2748 confidicta
657 2683 697 2744 ad
713 2682 808 2766 Idyll.
827 2683 853 2748 Ι.
872 2705 901 2766 7.
943 2686 1059 2746 Κίιοοδ.
1118 2775 1120 2783 .
