2874 5018
313 426 620 494 THEOCRITI
648 430 917 496 IDYLLION
955 433 994 499 V.
1125 433 1184 502 283

108 595 277 686 Capellae
314 617 410 664 meae
450 597 647 685 cornigerae
686 601 777 667 bono
819 601 933 669 animo
972 615 1058 670 este:
1109 627 1198 674 orna·

270 725 274 731 ·
703 726 766 769 vos

4 831 5 852 κ
111 802 252 874 Omnes
272 821 335 888 ego
357 802 479 890 lavabo
500 801 536 870 in
557 801 745 892 Sybaritide
766 802 870 870 fonte.

110 904 213 972 Heus
235 915 274 968 tu
293 903 380 988 ulbe,
402 918 597 994 cornupeta,
618 907 648 972 si
668 928 767 994 quam
791 907 994 996 aggredieris

110 1007 320 1094 Ceprsuum,
339 1007 528 1096 percutiam
542 1019 594 1090 te,
620 999 820 1098 priusquam
841 1009 1062 1078 immolavere

4 1113 6 1168 ἑ
108 1108 282 1198 Nymphis
304 1129 436 1196 agnem.
479 1111 551 1176 En!
573 1110 629 1178 hic
650 1134 784 1178 rursus:
806 1111 899 1198 atqui
922 1111 1015 1197 fiam,

4 1243 5 1252 ¹
109 1211 158 1278 ni
181 1223 218 1276 te
238 1211 445 1309 percutiens,
465 1211 672 1280 Melanthius
685 1235 755 1302 pro
779 1215 932 1280 Comata.

184 1472 265 1552 otte
286 1493 347 1554 pro
363 1471 445 1554 θλᾷν
465 1472 503 1534 ab
518 1473 640 1539 Atticis
663 1497 793 1562 quoque
814 1477 923 1561 poetis
936 1488 1099 1559 receptum
1112 1493 1180 1536 esse

183 1557 312 1617 monuit
329 1557 483 1624 Valcken.
502 1559 543 1621 ad
562 1561 721 1624 Adoniea.
736 1584 769 1644 p.
785 1559 855 1638 571.
870 1563 909 1622 A.
930 1558 1001 1623 edd.
1017 1559 1182 1622 Maittair.¹

184 1661 219 1722 p.
235 1661 282 1704 10.
328 1641 410 1704 Cum
424 1644 610 1711 Hermanno
631 1646 735 1715 tuitus
750 1667 820 1708 sum
832 1643 859 1732 γ’
870 1650 929 1728 ἐμέ
937 1668 996 1730 pro
1011 1648 1049 1728 γε’
1060 1669 1117 1724 με,
1138 1663 1180 1703 ne

187 1747 297 1786 versus
318 1731 399 1788 mals
423 1749 549 1790 caesura
570 1729 739 1792 laboraret.
774 1729 865 1815 ἥέμὲ
883 1731 918 1792 in
937 1729 1085 1814 plurimis
1108 1725 1179 1788 cdd.
1219 1779 1222 1786 .

187 1808 283 1870 etiam
304 1812 390 1896 Aug.
413 1828 445 1874 et
465 1813 581 1897 thell.
605 1814 756 1902 Callierg.
776 1815 887 1900 Steph.
908 1831 970 1880 etc.
995 1813 1180 1900 placuitque

185 1893 334 1958 Reiskio.
377 1900 492 1960 Kissal.

148 1977 235 2124 rip-v
247 1978 415 2065 Νύμφαισι
434 1979 487 2048 τόν
513 1982 585 2046 edd.
606 1983 767 2050 limbach.
796 1985 949 2051 Commel.
976 1983 1180 2046 Winterton.

235 2079 339 2130 arton
356 2068 515 2144 Brunclt.;
540 2065 736 2154 ιιι-Νύμφαις
749 2073 881 2154 plurimi
894 2069 975 2134 Cdd.
992 2069 1087 2131 etiam
1095 2068 1180 2149 Aug.

191 2147 262 2212 edd.
286 2152 367 2214 Call.
388 2151 498 2234 steph.
522 2155 660 2232 Reialte,
696 2158 754 2238 qui
773 2155 939 2232 defendit,
971 2170 1004 2216 et
1026 2149 1180 2214 Valcken.

191 2239 331 2312 Μοίσαις
351 2237 429 2298 item
454 2238 580 2321 aliquot
602 2239 674 2302 cdd.
693 2237 767 2302 ΑΜ.
788 2256 824 2303 vt
849 2263 895 2305 vs.
919 2235 990 2306 140.
1009 2233 1066 2302 cciv
1087 2229 1185 2319 sinatis

192 2317 263 2382 cdd.
277 2323 364 2384 Flor.
388 2320 483 2386 duo.·
507 2326 605 2386 Harl.
1216 2395 1218 2409 Ι

152 2403 223 2470 150.
244 2408 413 2488 Egestam
426 2410 644 2482 Melanthius,
674 2407 707 2471 h.
724 2431 752 2471 e.
766 2407 846 2472 adeo
859 2406 988 2492 percuti
1003 2427 1054 2468 me
1069 2403 1183 2488 patiar,

192 2490 242 2550 vti
273 2489 394 2561 accidit
413 2492 600 2556 Melanthio
624 2493 659 2553 in
679 2493 804 2576 Vlyssis
825 2497 916 2570 aula,
948 2489 1035 2576 apud
1054 2491 1188 2552 Homer.

193 2574 521 2660 Odyss.xx11.474.
563 2579 662 2640 Harl.

151 2716 188 2792 *)
210 2715 277 2800 Qui
293 2715 340 2794 fit,
363 2731 410 2794 vt,
431 2737 532 2801 quum
543 2730 681 2816 vterque
697 2715 902 2794 certantium,
919 2713 1067 2777 Comatae
1081 2725 1114 2774 et
1126 2711 1190 2772 La·

198 2823 277 2877 con,
300 2823 369 2863 non
390 2801 498 2862 minus
520 2802 648 2886 ingemi
666 2815 699 2863 et
722 2801 871 2884 poeticae
893 2799 1057 2860 facultatis
1082 2794 1189 2875 laude,

197 2905 294 2971 quam
308 2885 461 2962 moribus,
484 2885 668 2971 arrogantia
686 2899 718 2947 et
741 2883 904 2970 superbis,
926 2883 1121 2957 rusticitate,
1149 2879 1191 2940 ri·

197 2970 297 3032 xandi
327 2971 602 3054 conviciandique
629 2969 820 3054 asperitate,
853 2969 1013 3055 flagitiosa
1040 2966 1189 3038 libidine,

198 3055 401 3140 impudentia
421 3055 457 3116 et'
475 3055 631 3118 sermonis
647 3055 873 3132 obscenitate,
896 3053 959 3115 sibi
977 3071 1107 3137 prorsus
1126 3049 1193 3110 sint

200 3161 310 3239 pares,
334 3154 442 3201 tamen
461 3161 480 3200 a
493 3141 651 3202 Morsoae
673 3139 796 3202 arbitro
809 3139 962 3202 Comatae
983 3136 1118 3200 victoria
1139 3131 1193 3194 ad·

201 3224 387 3287 iudicetur?
410 3259 453 3270 -
472 3225 628 3286 Attentns
639 3227 743 3286 lector
754 3224 818 3284 iam
835 3223 912 3284 inde
925 3223 965 3284 ab
977 3221 1130 3284 arcessitu
1142 3237 1193 3280 ac·

204 3329 357 3394 cestuque
376 3308 544 3372 Morsonis
572 3309 626 3391 (v.
648 3328 699 3390 70.
724 3305 815 3392 sqq.)
837 3309 928 3370 favet
947 3307 1100 3370 Comatae
1119 3321 1196 3400 prae

204 3397 352 3469 Lacone,
375 3395 539 3476 sentitque
553 3393 707 3458 Comatae
720 3414 738 3452 a
750 3407 849 3477 poeta
861 3391 979 3456 callido
994 3389 1133 3453 consilio
1146 3409 1195 3448 vr,

207 3480 341 3542 ctoriam
354 3476 544 3561 praeparari.
587 3478 725 3539 Metaon
749 3477 837 3539 enim
850 3497 917 3538 non
929 3489 1038 3558 potest
1052 3495 1119 3536 nen
1132 3472 1196 3532 La·

207 3563 300 3626 conia
314 3560 504 3638 vanitatem,
527 3562 749 3646 arrogantiam,
773 3561 985 3644 impotentem
999 3556 1196 3620 iracundiam

208 3663 241 3708 et
260 3645 522 3724 mordacitatem,
545 3667 607 3733 qna
627 3645 730 3710 vtitur
750 3646 813 3708 ism
833 3660 908 3708 ante
922 3659 1100 3720 certamen,
1123 3659 1199 3703 con·

210 3747 352 3794 temnere
364 3751 441 3813 prae
455 3730 626 3808 Comatae,
648 3731 794 3813 quamvis
815 3734 957 3815 gamela,
979 3727 1153 3792 veracitate
1166 3737 1201 3788 et

210 3815 440 3881 moderatione.
484 3819 525 3879 In
546 3817 618 3900 ipso
646 3831 752 3878 autem
773 3829 871 3877 cantu
897 3812 994 3902 (inda
1016 3833 1034 3874 a
1053 3833 1100 3877 vs.
1114 3808 1166 3875 80.
1174 3803 1199 3893 ),

212 3921 311 3984 quum
330 3914 405 3961 ante
425 3901 592 3966 Morsonia
613 3921 773 3963 accessum
793 3921 883 3984 parea
899 3913 1024 3973 essent,
1047 3915 1136 3958 nune
1155 3909 1203 3954 ta·

213 4008 285 4047 men
301 3984 450 4049 Comatae
463 4001 512 4048 sat
529 3984 738 4060 moderatior,
761 3984 897 4060 cantior,
920 3980 1122 4067 prudentior,
1142 3979 1205 4040 La·

215 4093 277 4132 con
291 4070 479 4148 iactantior,
489 4071 621 4134 stultior
632 4070 797 4153 animique
811 4068 1032 4152 impotentior.
1054 4099 1097 4114 -
1116 4065 1208 4124 Haeo
1266 4097 1267 4102 κ

219 4171 267 4218 est
280 4176 404 4220 summa
419 4177 546 4236 eorum,
570 4177 652 4241 quae
665 4153 706 4218 de
719 4155 784 4218 hoc
800 4153 941 4220 carmine
953 4151 1083 4216 vberius
1099 4147 1208 4230 dispo·
