2942 5014
213 471 222 520 .
463 447 886 514 anirrAMMArA.
985 467 988 475 ·
1040 445 1072 468 ·“
1139 441 1204 536 785

275 609 330 678 IN
374 611 732 680 SIMVLACRVM
773 609 1073 682 COELESTIS

475 713 711 782 VENERIS.
756 715 869 785 XIII.

140 815 257 898 Venus
275 815 361 882 haec
380 839 450 882 non
473 829 522 881 est
541 817 729 904 volgivago.
772 817 956 904 Propitiam
978 819 1083 885 redde
1104 819 1202 886 deam
1252 855 1254 858 ·

722 930 878 986 vocatam
929 985 936 996 ,

227 1017 461 1109 Coeligenam,
483 1032 593 1102 castae
608 1021 788 1088 donarium
804 1021 1045 1110 Chrysogonae

140 1128 181 1195 In
195 1126 297 1194 domo
309 1123 509 1214 Amphiclis,
531 1146 609 1190 cum
624 1145 691 1210 quo
706 1137 739 1188 et
751 1123 873 1190 liberos
889 1135 922 1188 et
938 1125 1044 1191 vitam
1058 1125 1204 1192 habebat

227 1229 475 1308 Communem
495 1247 695 1315 semperque
711 1225 753 1292 iis
767 1226 886 1295 melius
904 1228 940 1292 in
954 1249 1083 1294 annum
1098 1239 1172 1296 erat
1235 1275 1243 1288 .

140 1334 209 1402 Ate
226 1330 494 1422 auspicantibus,
517 1352 538 1394 o
551 1328 754 1394 veneranda.
799 1331 964 1396 Curantes
981 1329 1073 1396 enim

226 1433 437 1502 Immortales
453 1431 518 1522 ipsi
534 1431 611 1520 plus
624 1434 752 1500 babent
766 1433 934 1498 mortales.

195 1601 532 1674 EPITAPIIIVM
574 1603 1013 1674 EVRYMEDONTIS.
1057 1609 1160 1678 XIV.

143 1727 334 1804 Pacuuium
352 1725 463 1791 filium
485 1723 716 1811 relinquebas,
746 1722 836 1788 etin
859 1725 975 1790 aetatis
996 1727 1079 1796 flore
1102 1731 1204 1798 etiarn

724 1835 762 1890 tu
774 1827 856 1912 ipse,

229 1930 469 2018 Eurymedon,
492 1926 556 1995 boc
571 1928 761 2018 sepulcrum
780 1940 937 1994 mortuus
952 1943 1069 1996 nactus
1088 1957 1132 1998 es.

145 2033 201 2100 Tu
219 2033 356 2119 quidem
371 2033 597 2117 habitasinter
614 2031 742 2096 divinos
755 2031 865 2110 viros3
885 2031 979 2098 hunc
991 2048 1103 2102 autem
1116 2036 1206 2106 cives

230 2137 367 2218 Celent,
389 2133 490 2224 pattis
507 2155 672 2200 memores
686 2143 722 2198 vt
737 2131 817 2196 boni
831 2132 903 2198 viri.

562 2255 575 2289 Ι

144 2307 353 2328 hun—fi

207 2399 301 2474 itius,
332 2391 533 2480 improbante
546 2389 732 2474 Bruncbic,
762 2391 818 2483 qui
838 2387 1053 2462 diversissima
1069 2399 1206 2480 iudIcat,

196 2483 359 2568 ¹quamvis
379 2483 414 2543 in
437 2481 581 2544 eiusdem
603 2483 744 2544 bominis
769 2483 951 2544 memoriam
970 2488 1146 2569 composita
1162 2489 1209 2550 ei·

213 2569 349 2666 demque
366 2574 491 2629 tumulo
512 2568 682 2650 insculpta.
704 2569 901 2650 Vtrumque,
931 2569 1121 2650 quibusdam
1137 2572 1209 2634 aliis

211 2651 412 2728 intersectis,
440 2651 478 2726 in
501 2653 720 2736 Antbclogiee
738 2653 917 2736 appendice
933 2657 962 2714 Ic
987 2655 1067 2732 itur,
1097 2677 1130 2738 p.
1146 2657 1209 2733 517

211 2757 259 2820 sq.
275 2736 387 2819 Stepb.
409 2736 539 2799 InCod.
556 2739 629 2800 Vct.
644 2759 675 2818 p.
686 2737 722 2801 31
733 2759 756 2800 ι.
770 2739 858 2820 prius
873 2679 1033 2800 disticbon
1050 2741 1208 2822 Ep.xtv.

210 2818 311 2968 SXV.)
331 2820 456 2884 librarii
473 2843 581 2884 errore
596 2843 758 2894 annexum
776 2838 824 2884 est
839 2823 1073 2908 Epigrammeti
1087 2823 1210 2888 Leoni·

234 2927 271 2968 ee
292 2907 366 2968 Tar.
389 2905 512 2970 XCIII.
545 2903 678 2968 Deinde
706 2908 851 2988 sequitur
872 2911 1005 2968 alterurn
1028 2907 1207 2986 distichon,

210 2991 283 3064 cui,
306 2995 398 3052 nullo
413 2992 518 3074 spatio
541 2985 674 3064 relicto,
704 2989 878 3050 subiicitur
893 2993 953 3073 Ep.
968 2993 1060 3053 XIII.
1081 2991 1208 3078 (XIV).

210 3076 350 3160 Vtrique
372 3076 507 3136 carmini
532 3098 630 3137 vnum
655 3076 768 3138 lemme
791 3074 1000 3158 adscriptum:
1032 3081 1210 3160 θιυκρίτου,

209 3169 240 3228 οἱ
260 3165 293 3227 δὲ
306 3165 468 3228 Λεωνίδου
495 3163 682 3242 'l'apavrivov
702 3167 747 3236 εἰς
767 3159 996 3243 Εὐρυμέδοντος
1011 3157 1124 3242 τάφον,
1153 3162 1211 3228 civ-

208 3243 288 3329 δρόςί
300 3244 441 3330 ἀγαθοῦ,
470 3244 506 3324 iic
524 3244 593 3312 vida
612 3239 773 3329 ὁμώνυμον
793 3251 904 3310 λείπων
925 3241 1029 3330 ε”ιυχεν
1049 3249 1101 3312 τοῦ
1114 3243 1212 3314 edroi

211 3330 318 3416 sipon·
362 3329 503 3406 Vereor,
539 3344 576 3392 vt
603 3329 701 3390 huius
731 3329 887 3391 lemmatis
919 3345 1033 3390 auctor
1059 3333 1210 3393 carminis

213 3439 339 3479 sensum
356 3431 442 3478 recte
457 3415 629 3498 acceperit.
673 3407 902 3495 Eurymedon,
934 3413 984 3474 vir
1000 3413 1104 3476 bonus
1119 3431 1153 3476 et
1166 3414 1211 3476 ci·

210 3502 305 3562 vibus
321 3501 388 3562 suis
404 3523 514 3576 carus,
537 3514 683 3560 mortuus
697 3505 781 3574 erat,
814 3498 882 3560 filio
896 3497 1063 3582 impubere
1084 3502 1210 3564 relicto.

210 3585 275 3668 Ep.
296 3583 385 3647 XIV.
404 3581 508 3668 (XV.)
521 3583 692 3670 legendum
714 3594 761 3646 est
789 3595 863 3646 ante
883 3583 944 3664 Ep.
967 3581 1060 3644 XIII.
1080 3581 1208 3668 (XIV.),

212 3667 302 3754 quod
323 3669 357 3728 in
379 3670 558 3751 posteriore
576 3667 664 3750 cippi
685 3681 775 3752 parte
791 3669 989 3752 insculptum
1002 3669 1105 3730 fuisse
1120 3664 1210 3730 vide·

213 3765 277 3817 tur.
325 3754 449 3814 Iacobc.

144 3897 151 3918 ⁶
170 3909 199 3958 1.
222 3891 322 3980 ἦλικὶῃ
345 3891 417 3951 Vat.

171 4025 203 4094 5.
225 4033 315 4111 ἕδρα,
346 4030 456 4091 statio.
480 4051 510 4091 r.
528 4017 698 4112 Spanbom.
720 4041 753 4090 et
765 4022 897 4089 Ernesti
916 4015 957 4086 ad
973 4023 1101 4086 Gallim.
1114 4021 1157 4084 H.
1175 4021 1212 4086 in

212 4117 336 4176 Delum
357 4135 387 4172 v.
406 4110 476 4177 253.
504 4116 601 4174 Harl.
629 4118 699 4198 ἕρδη
719 4123 753 4180 θ.
777 4111 850 4199 παρ’
872 4110 959 4192 ἁνᾶρ.
979 4123 1012 4170 et
1027 4131 1058 4174 v.
1073 4110 1104 4174 4.
1123 4135 1213 4193 τιμη·

215 4197 408 4268 snimVet.
454 4200 569 4262 Kiessl.

778 4279 875 4348 Ddd
