2950 5024
238 527 241 534 .
306 453 917 537 rnnocnr'rrrnrunrou
941 467 1074 538 xxm
1145 465 1223 544 ,sos

157 647 189 714 0
202 643 295 736 pugil
308 643 449 712 Pollux:
472 644 667 735 iuravitque
681 645 741 713 sibi
757 667 918 735 magnum
935 641 1185 727 iusiurandum,

157 751 267 818 Suum
284 761 417 838 petrem
431 750 630 838 Neptunum
651 774 671 814 e
685 751 774 818 meri
788 773 922 831 vocans,

158 851 280 921 seiam
296 875 367 924 nou
383 850 527 941 amplius
543 852 732 942 hospitibus
760 856 932 922 volentem
946 853 1125 920 molestum
1139 849 1227 922 fore.

220 955 333 1043 Atque
346 967 383 1022 tu
399 953 547 1042 quidem,
570 979 590 1020 o
606 979 679 1040 rex,
702 957 789 1025 mihi
810 957 995 1022 celebratus
1009 978 1059 1022 es:
1081 967 1115 1022 te
1129 975 1229 1044 vero,

744 1057 878 1140 Castor,
900 1081 1030 1140 canem,

160 1161 371 1252 Tyndarida,
384 1163 486 1227 velox
501 1181 600 1248 equo,
617 1185 694 1228 acer
708 1161 808 1243 bello,
829 1185 929 1228 aereo
943 1161 1084 1229 thorace
1097 1162 1228 1232 indute.

226 1266 351 1354 Raptus
366 1265 581 1331 abducebant
598 1266 666 1332 duo
685 1264 745 1332 filii
759 1263 850 1331 Iovis

161 1371 256 1436 Duas
269 1366 432 1456 Leucippi
445 1366 549 1434 filias:
575 1367 643 1434 duo
656 1379 729 1432 turn
744 1368 845 1433 hosce

164 1472 253 1536 Com
268 1471 399 1558 impetu
414 1471 704 1560 persequebantur
716 1471 851 1554 fratres,
873 1469 935 1540 filii
951 1471 1114 1562 Apharei,¹

163 1571 292 1641 Generi
306 1571 424 1642 futuri.
446 1575 605 1662 Lynceus
619 1588 652 1640 et
670 1573 767 1642 fortis
780 1575 867 1646 Idas.

164 1679 295 1742 Verum
314 1686 352 1741 vt
364 1679 405 1743 ad
420 1679 591 1743 tumulum
605 1690 838 1768 pervenerunt
856 1679 987 1745 mortui
1003 1675 1160 1768 Apharei,

165 1783 195 1850 E
212 1781 366 1850 curribus
380 1780 482 1846 simul
500 1801 618 1847 omnes
634 1795 752 1850 contra
764 1805 800 1848 se
811 1782 959 1850 invicem
970 1793 1129 1864 ruerunt,

166 1885 280 1954 Hastis
295 1897 330 1950 et
344 1881 436 1950 cavis
451 1885 553 1948 scutis
575 1885 714 1972 gravati.

140 1980 145 1993 ¹
165 1989 327 2076 Lynceus
339 1997 453 2052 autem
470 1985 589 2052 diuite
605 1989 700 2075 galea
718 1991 784 2056 alte
796 1991 963 2058 clamans:

232 2087 368 2172 Miseri,
400 2089 481 2178 quid
510 2109 662 2178 pugnans
688 2095 864 2184 appetitis?
901 2093 1071 2184 quomodo
1095 2079 1237 2186 propser

752 2219 891 2285 sponsas

167 2298 306 2370 Alienus
318 2296 454 2365 molesti
467 2295 555 2380 estis,
575 2297 748 2387 strictique
762 2302 888 2367 suntin
905 2301 1062 2368 manibus
1076 2299 1197 2370 enses?

168 2402 275 2470 Nobis
288 2423 370 2470 sane
382 2401 576 2494 Leucippus
589 2423 666 2470 sues
680 2403 857 2494 despondit
866 2402 953 2472 filias

170 2579 381 2598 m

239 2690 274 2737 et
291 2677 450 2758 Tbelayro
467 2675 550 2762 (sive
566 2671 720 2762 Hilas'ra)
735 2673 821 2758 apud
841 2671 989 2760 Propert.
1002 2675 1030 2738 I.
1046 2693 1075 2738 2.
1095 2674 1144 2742 15.
1166 2677 1242 2740 Nou

238 2765 287 2822 sio
303 2763 477 2863 Leueipps's
488 2762 807 2863 resmissionem
820 2761 951 2834 Phoebe,
974 2763 1139 2822 Pollucem
1151 2763 1245 2862 quim

240 2844 1243 3016 {lhffzlll‘zll'lnllilllllll-‘lllsilllllssh

241 3015 383 3092 odiente,
416 3037 506 3078 voco.
532 3019 664 3088 Castor,
701 3020 859 3092 Hiloira,
896 3017 975 3076 Idas
1003 3031 1037 3076 et
1058 3018 1245 3098 Leucippis.

240 3101 480 3269 gqqqmffldde
496 3101 597 3166 Ovid.
612 3103 639 3162 1²
640 3118 696 3166 ast.
714 3104 752 3164 V.
769 3101 830 3190 699
843 3137 887 3152 ·-
901 3119 973 3186 720.
989 3099 1104 3185 ibique
1120 3101 1248 3187 Gierigs'

179 3270 330 3436 ,filii
346 3271 1250 3443 llll?²0llsllllthiilld{ulilhlll

245 3443 403 3508 Vulchcn.
425 3445 569 3526 aliique,
601 3443 732 3506 in'cdd.
755 3458 789 3506 et
809 3442 880 3505 edd.
902 3466 948 3527 pr.
964 3456 1012 3504 est
1035 3444 1106 3525 ἄρα.
1128 3476 1171 3490 -
1190 3441 1251 3505 Vs.

247 3528 320 3595 144.
341 3531 406 3591 Pro
429 3527 455 3594 δ’
475 3528 516 3594 αὖ
535 3531 678 3593 Brunck.
694 3552 766 3591 cum
788 3527 838 3597 cd.
854 3529 927 3593 Vet.
941 3525 1022 3614 d’sip
1045 3527 1145 3592 dedis
1173 3523 1252 3593 deal

245 3637 307 3700 pro
320 3615 398 3682 sinis
412 3615 447 3674 in
466 3637 533 3676 uno
545 3615 594 3677 cd.
638 3616 754 3677 Kiessl.

203 3713 277 3800 147.
299 3717 322 3796 η’
339 3719 412 3800 ὑμῖν
435 3744 499 3796 sos,
522 3717 633 3780 addito
658 3718 692 3777 in
711 3717 774 3779 fine
790 3741 899 3782 versus
914 3719 1010 3818 signo
1026 3713 1253 3860 interrossstio·

248 3804 313 3879 nis,
338 3803 429 3865 dedit
445 3804 576 3866 Reishe.
620 3805 693 3886 Ego
709 3825 786 3864 vero
811 3827 883 3864 cum
898 3807 1124 3878 Wintertono,
1177 3821 1254 3859 run·

246 3888 324 3950 chio
347 3903 379 3950 et
395 3889 552 3950 Valcken.
573 3889 721 3973 rescripsi
740 3889 814 3970 elpis
836 3885 942 3974 [quod
961 3888 1068 3972 ipsum
1094 3908 1135 3946 ex
1149 3881 1255 3944 tribus

251 3971 324 4035 cdd.
339 3977 487 4036 enotavit
503 3973 693 4059 Goisford.].
723 3973 831 4056 Atque
847 3975 910 4034 iam
922 3977 1056 4034 alterum
1072 3971 1256 4050 exemplum

249 4058 408 4120 Aldinum
425 4059 524 4122 hebet
545 4081 652 4122 veram
673 4058 848 4121 lectionem
871 4055 988 4138 ἦᾰμῒν·
1011 4053 1094 4117 illud
1111 4051 1131 4130 ἦ
1148 4063 1256 4112 ortum

251 4159 303 4208 cst
320 4165 360 4205 ex
377 4149 494 4231 glossa,
519 4167 619 4228 quum
634 4145 793 4228 interpres
811 4142 940 4226 quidem
958 4146 1033 4204 loco
1048 4139 1170 4222 primes
1182 4134 1257 4196 lite·

249 4251 306 4292 ree
329 4255 349 4296 α
368 4231 404 4290 iu
429 4231 505 4316 cipis
520 4231 557 4292 in
578 4231 723 4318 margine
741 4257 761 4308 η
777 4227 976 4311 scripsisset,
999 4222 1087 4311 quod
1106 4219 1260 4283 librarius
