2918 5020
223 476 229 502 ²
262 477 572 542 THEOCRITI
602 475 878 540 IDYLLION
912 473 1031 542 XXV.
1134 469 1199 544 685

117 645 170 732 (si
184 662 278 717 recto
291 647 427 736 quidem
442 667 504 737 ego
521 647 663 716 memini
672 642 698 733 ‚)
722 670 766 713 ex
780 645 913 714 Perseo.
1019 647 1021 658 '
1122 649 1124 657 ’

115 749 358 819 A1·bitrornon
372 752 477 820 alium
492 753 559 820 hoe
578 774 699 818 ausum
714 773 786 816 ease
797 751 1060 837 Aegialentinm,
1138 823 1141 828 Δ

117 854 235 944 Quam
248 865 302 920 let
325 875 404 920 nam
424 855 520 946 pellis
536 856 667 922 belluae
684 853 866 921 manifesto
878 853 1009 922 indicat

113 959 286 1026 Mannum
298 955 390 1024 sorte
403 979 507 1044 opus,
529 978 616 1044 quae
628 957 689 1024 tibi
702 959 811 1024 latera
825 957 983 1044 contegit.

114 1061 182 1130 Dic
197 1083 258 1148 age
272 1081 366 1126 nuno
388 1061 477 1126 mihi
492 1060 663 1149 ptimum,
687 1058 743 1148 (vt
756 1059 871 1131 animo
888 1081 1098 1147 cognoscem,

115 1165 150 1228 Ο
164 1163 284 1245 heroa,
306 1175 424 1229 vtmm
442 1185 562 1230 verum
578 1183 728 1250 augurer
734 1211 746 1242 ,
769 1186 812 1230 an
826 1161 923 1252 non‚)

115 1266 219 1330 Tune
232 1266 290 1332 ille
306 1289 359 1351 ea,
382 1267 506 1355 dequo
521 1264 618 1332 nobie
634 1266 847 1334 audientibus
859 1267 1030 1336 referebat

117 1365 180 1434 Ille
194 1389 239 1432 ex
252 1367 368 1436 Helice
384 1370 560 1446 Achaeon,
584 1389 713 1456 egoque
727 1383 819 1438 recte
835 1384 869 1438 te
884 1369 1060 1440 coniecto?

118 1469 230 1536 Natta
238 1517 249 1552 ‚
271 1473 445 1557 quomodo
459 1473 632 1540 exitialem
646 1473 735 1538 hanc
750 1472 861 1542 feram
874 1475 948 1563 ipse
963 1469 1139 1556 'oecideriq

114 1573 162 1638 Et
175 1574 346 1658 quomodo
359 1573 396 1640 in
412 1576 483 1642 loca
496 1575 623 1662 oligua
633 1575 780 1643 Nemeae
795 1578 1001 1665 pervenerit·
1122 1637 1124 1644 .

115 1671 195 1742 Non
218 1673 433 1760 enimgtatem
453 1679 489 1744 in
501 1679 745 1770 {Peloponneso
768 1679 920 1748 belluam
936 1676 1091 1748 invenire
1110 1693 1194 1764 pote·

704 1783 760 1866 als,
878 1779 879 1784 ¹

118 1879 157 1948 Si
169 1880 287 1948 videre
300 1881 432 1971 copiast
454 1883 729 1973 quandoquidem
746 1907 816 1952 non
829 1885 912 1950 talea
927 1884 998 1966 elit,

120 1984 187 2054 Sed
202 2007 316 2071 νιοοι,
339 1999 374 2052 et
388 2009 487 2077 eproe
494 2038 506 2069 ,
531 1999 565 2054 et
575 1987 802 2077 perniciosum
815 1988 972 2076 lnporum
986 2007 1113 2054 temen.

117 2085 290 2175 Quocirca
302 2089 533 2171 mirabantur,
556 2091 688 2178 quiilln
701 2105 777 2159 tum
795 2091 882 2158 dieta
896 2088 1092 2182 audiebant:

117 2259 330 2280 m

180 2346 385 2434 significatur
405 2347 672 2435 Peloponnesus,
696 2369 728 2415 v.
751 2345 916 2416 Siebeliuii
934 2364 1045 2414 notem
1059 2345 1100 2410 nd
1112 2347 1193 2408 Hel·

178 2437 246 2496 len.
261 2449 292 2516 p.
310 2433 381 2499 244.
425 2439 542 2499 Kieoel.

136 2533 210 2602 185.
237 2537 333 2614 ἔθνος
356 2539 527 2626 ingeniose
548 2539 693 2602 coniecit
719 2539 868 2623 Lennep.
895 2539 930 2600 in
954 2535 1126 2603 Animadv.
1148 2531 1192 2598 nd

180 2621 315 2684 Coluth.
335 2645 368 2706 p.
393 2643 463 2687 101.
483 2624 583 2710 idque
609 2624 751 2687 Bruncln
775 2623 930 2707 recepitz'
956 2645 1061 2709 neque
1080 2637 1191 2683 tamen

180 2709 396 2770 neceeenrium
416 2729 484 2770 eoae
503 2710 575 2771 iuro
595 2707 721 2771 iudicat
735 2710 878 2771 Dorvill.
891 2699 931 2770 ad
948 2705 1190 2772 CharitonllI.

91 2837 101 2848 ·
181 2811 232 2858 ιο.
259 2813 292 2876 p.
310 2791 376 2856 185.
391 2791 517 2858 2413.
545 2797 645 2855 Harl.
678 2796 781 2857 Recte
807 2808 917 2856 censet
939 2793 1061 2869 naht,
1090 2790 1188 2878 ἔρνος,

179 2877 269 2961 quod
279 2879 412 3026 proiprie
432 2878 472 2940 de
495 2879 615 2962 planti·
632 2877 753 2941 dieitur
772 2877 881 2959 (Iliad.
897 2878 1006 2941 XVII.
1020 2875 1108 2965 55.),
1124 2880 1189 2940 ele·

204 2977 327 3024 antero
363 2964 514 3025 animalia
530 2968 722 3026 translatum
741 2985 821 3028 eote.
865 2962 955 3025 ciat
972 2964 1074 3026 Dahl.
1090 2963 1189 3025 etiam

180 2984 261 3108 daeo
289 3052 379 3111 loen:
409 3051 541 3110 Lucret.
564 3052 624 3111 III.
649 3047 720 3132 741.
749 3053 840 3108 triste
862 3051 987 3110 leonum
1010 3053 1190 3110 seminium.

176 3133 295 3217 Virgil.
317 3133 436 3220 Georg.
457 3133 502 3194 11.
525 3131 586 3198 151.
604 3155 702 3194 saeva
722 3135 848 3194 honam
868 3141 999 3200 nemeina.
1020 3132 1115 3196 Adde
1135 3131 1188 3192 in·

178 3217 285 3280 dicem
314 3233 460 3279 nostrum
485 3217 525 3279 ad
552 3217 723 3282 Iamblich.
752 3218 793 3280 de
815 3219 882 3281 vit.
903 3219 1080 3305 Pythagor.
1105 3239 1130 3278 ι.
1152 3239 1184 3280 v.

177 3305 348 3386 σπέρματα.
362 3339 407 3355 --
421 3301 519 3384 Ityn.
533 3303 691 3365 XXVIII.
708 3327 737 3383 7.
756 3318 893 3365 vocetur
906 3305 1022 3366 Niciae
1038 3307 1189 3392 Χαρίτων

180 3387 266 3470 ἱιρόι
278 3381 385 3470 goario.
409 3389 448 3450 In
461 3387 595 3449 Pindari
609 3387 797 3473 fragmentis
818 3411 850 3473 p.
864 3388 916 3469 67.
937 3387 987 3451 ed.
1002 3391 1111 3472 Heyn.
1136 3389 1185 3472 (p.

139 3533 144 3540 .
178 3472 233 3538 46.
250 3470 418 3560 Schneid.)
432 3477 572 3558 φοίνικος
588 3471 694 3554 ἔρνος,
720 3497 846 3556 germen
861 3477 1011 3556 palmae,
1040 3475 1187 3538 Semelen

178 3573 212 3622 et
226 3557 408 3634 Bacchum,
434 3573 548 3641 vtpote
572 3560 759 3642 progeniem
776 3558 890 3622 Cadmi
909 3560 1104 3636 Phoenicio,
1134 3558 1187 3618 in·

176 3643 299 3728 telligit
318 3645 484 3706 Romamn
503 3643 543 3702 de
569 3645 764 3725 Tt'mkowely
786 3645 822 3705 in
854 3645 1132 3706 commutatione
1146 3643 1185 3702 de

177 3729 406 3810 Ditlzyramhio
428 3729 565 3810 repetita
584 3727 620 3786 in
637 3727 767 3798 ,Volunn
785 3729 813 3792 1.
827 3729 985 3791 Actorum
1001 3729 1121 3792 Semin.
1135 3747 1186 3786 re·

178 3813 225 3899 gii
239 3829 271 3876 et
287 3813 405 3875 Societ.
422 3812 580 3898 philolog.
598 3813 690 3896 Lipe.
710 3835 743 3896 p.
757 3812 829 3876 224.
856 3815 896 3874 In
911 3813 1078 3898 Theophr.
1097 3809 1184 3872 Che·

177 3911 256 3960 raet.
279 3919 346 3980 cap.
369 3897 461 3961 XXI.
484 3917 545 3982 pro
566 3895 675 3974 κλάδος
693 3903 860 3974 Μελιταῖος
878 3897 1053 3982 legendum
1076 3908 1125 3958 eet
1143 3891 1185 3955 de

178 3983 306 4066 Toupii
330 3984 517 4046 coniectore
536 3983 555 4050 ὁ
566 3979 673 4060 Κολδς
687 3988 868 4060 Μελιταῖος.
901 3983 1000 4046 Conf.
1020 3979 1062 4043 ad
1074 3977 1183 4040 Theo·

178 4067 305 4152 phrasti
320 4072 383 4132 loc.
402 4067 550 4145 datium,
574 4089 694 4154 p.179.
736 4071 854 4131 Κὶιιιὶ.

133 4168 203 4238 186.
226 4171 282 4256 aqi,
306 4171 389 4243 ideo,
411 4184 614 4251 qtuspropter,
636 4171 781 4234 Homero
797 4173 959 4256 frequent.
978 4189 1008 4229 v.
1024 4163 1183 4230 Valcken-

176 4255 220 4321 ad
232 4256 348 4342 Enrip.
361 4254 487 4318 Phoen.
501 4275 533 4320 v.
546 4257 615 4343 157.
633 4275 666 4340 p.
679 4253 731 4322 53.
746 4255 828 4318 adde
843 4275 926 4342 quoe
939 4252 1055 4318 notavi
1066 4249 1107 4314 ad
1117 4251 1182 4350 1³5·
