2796 5024
303 445 344 514 5²
477 457 790 521 OEOKPITOY
815 462 1135 532 EIAYAAION
1159 457 1190 530 ei.

302 622 390 696 Κοῦ
402 653 465 699 τοι
477 627 515 700 τὶ
529 627 686 722 ociorem
714 623 858 724 niveas,
874 629 1028 727 oi'ynii·
1054 630 1125 710 vin
1141 634 1210 737 γαρ
1227 637 1351 718 αἀιδᾰα

303 727 362 801 Οὔ
384 756 423 802 τι
444 755 495 807 πα
512 731 562 810 εἰς
577 723 714 803 ’Aiinv'
725 759 765 825 γε
786 729 853 807 τόα
868 731 1115 814 ἑαλελάθαατα
1131 749 1303 840 φαλαξεῑς.

705 837 782 910 ΘΥ
784 842 869 910 ΡΣ
870 845 898 914 I
898 845 943 914 Σ.

347 928 506 1030 'Aegeus
519 937 740 1028 βααολικᾶς,
765 941 906 1016 Mte‘oat
921 944 1049 1039 φίλαι,
1075 945 1196 1044 ἄρχαί
1217 945 1347 1032 αἀιδᾱς.

302 1028 436 1132 Oriente
450 1031 503 1108 ii
516 1034 579 1121 α”ξ
597 1039 754 1134 Αἴτνας,
779 1046 841 1118 καὶ
855 1042 1034 1146 &oetion
1054 1047 1109 1124 ἅδ’
1124 1049 1149 1124 i
1164 1049 1278 1149 φανά.
1304 1056 1347 1128 65

364 1241 466 1306 prope
486 1225 671 1306 Himeram,
703 1229 838 1296 fluvium
860 1236 896 1298 in
921 1238 1053 1317 Sicilia,
1087 1241 1226 1325 primum
1249 1258 1349 1304 canta·

362 1319 442 1370 tum.
465 1314 564 1376 Hori.
595 1314 728 1379 Heinsii
749 1321 869 1382 rationi
890 1323 955 1388 hoc
973 1325 1111 1388 maxime
1124 1326 1252 1389 obstare
1264 1327 1347 1388 vide·

362 1405 427 1468 tur,
452 1397 551 1478 quod,
570 1421 669 1484 quum
683 1403 886 1470 Stesichorus
900 1411 1089 1475 Himeraeus
1101 1412 1245 1494 (Aelian.
1259 1413 1295 1474 V.
1309 1415 1346 1474 H.

361 1475 404 1552 X,
423 1475 489 1566 18.)
511 1484 674 1567 aptissime
697 1486 824 1552 dicatur
841 1495 971 1576 ποιητής
984 1495 1031 1582 ἐφ’
1043 1497 1166 1584 Ἱμέρᾳ,
1187 1498 1293 1558 minut
1305 1512 1346 1558 ta·

358 1581 431 1623 men
447 1581 522 1650 apte
537 1589 664 1633 carmen
679 1573 785 1656 ipsum
799 1575 892 1660 ὕμνος
903 1578 952 1666 ἐφ’
961 1583 1078 1668 Ἱμέρᾳ.
1124 1585 1247 1646 Iiiessl.

314 1640 367 1710 62·
389 1649 446 1714 κοῦ
464 1655 497 1716 ti
517 1678 554 1720 tu
577 1660 748 1741 κερτομέα,
771 1683 829 1724 nee
849 1687 927 1727 sane
950 1669 1050 1730 liabeo
1068 1683 1099 1729 te
1116 1669 1273 1744 ludibrio,
1294 1691 1343 1728 nec

299 1777 300 1785 ,
357 1752 437 1794 sone
458 1737 538 1798 haec
559 1739 630 1801 dieo
655 1747 875 1810 iniit-ridendi
887 1774 1006 1831 causa,
1029 1753 1194 1839 rescripsit
1207 1754 1342 1818 Bruncn

358 1817 497 1882 ducibus
511 1823 605 1887 codd.
623 1828 790 1891 Vaticanis
804 1849 837 1896 et
852 1835 1043 1915 scholiasta3
1066 1853 1165 1923 etque
1178 1853 1272 1902 antee
1289 1839 1342 1902 Cn·

358 1905 543 1984 sanbonua,
566 1909 723 1979 Valcken.
744 1931 779 1979 et
800 1919 922 1986 Nielas.
946 1924 1030 1987 hanc
1042 1924 1161 1986 bonam
1175 1925 1340 1988 lectionem

355 1988 492 2076 ingenio
486 1993 609 2138 tgetius
619 1995 798 2080 Theocriti,
813 2025 907 2088 quam
922 2009 1049 2072 librarii
1063 2009 1201 2072 alicuius
1217 2009 1339 2096 dignam

354 2093 424 2139 ease
449 2077 484 2137 iu
510 2077 635 2143 ’carunt
655 2104 692 2146 ac
715 2088 904 2169 probarunt.
927 2128 970 2145 -
1011 2097 1070 2158 De'
1088 2094 1230 2158 doriamo
1246 2093 1340 2182 αὗταί

354 2181 417 2244 pro
431 2157 568 2248 πρόσαγε
581 2187 610 2231 v.
619 2167 753 2256 Gregor.
763 2174 837 2237 Cor.
854 2177 894 2241 de
902 2179 978 2243 dial.
990 2203 1023 2265 p.
1035 2179 1105 2268 193.
1119 2179 1234 2264 ibique
1241 2183 1338 2244 Koen.

351 2245 454 2313 Harl.
483 2248 646 2333 Equidem
666 2276 784 2340 sequor
802 2262 975 2326 Drexlium
989 2279 1204 2344 statuentem,
1234 2268 1336 2329 lectio·

350 2353 425 2394 nem
440 2337 589 2418 κερταμέα
603 2339 731 2424 antiqui
743 2343 880 2408 alicuius
894 2350 1105 2434 grammatici,
1127 2373 1196 2414 non
1217 2352 1336 2414 indocti

344 2419 425 2479 ‘tane
447 2438 554 2503 neque
569 2421 711 2502 inficeti,
735 2444 846 2492 notam
859 2434 1068 2520 marginalem
1084 2456 1171 2515 este,
1196 2439 1253 2521 qui
1268 2438 1334 2520 qui·

349 2499 423 2565 dem
438 2504 634 2568 meminisset
646 2511 712 2573 loci
725 2514 857 2579 Homer.
874 2518 1076 2604 odynvm,
1087 2520 1158 2586 155.
1180 2521 1335 2604 Λαοδάμα,

346 2590 424 2671 αἱμα
438 2591 537 2656 ταῦτα
553 2590 687 2662 κελεύετε
701 2605 932 2686 ermogenem,-
946 2620 1004 2668 aut
1019 2607 1103 2668 alius
1116 2607 1243 2672 similia.
1258 2609 1333 2670 Num

348 2673 438 2758 quod
465 2675 607 2741 Dahliue
637 2687 781 2763 censuit,
814 2703 982 2775 vtramque
1009 2692 1188 2754 lectionem
1208 2693 1247 2754 ab
1267 2693 1332 2775 ipso

345 2777 443 2844 poete
457 2764 637 2845 profectam
653 2789 732 2848 esse,
752 2771 798 2833 ita
813 2788 852 2834 vt
867 2781 997 2838 alteram
1010 2776 1046 2838 in
1066 2779 1212 2864 margine
1226 2776 1332 2861 adpin-

343 2847 453 2923 xerit,
489 2847 554 2910 hoc
580 2871 640 2933 pro
661 2853 796 2918 arbitrio
818 2875 978 2939 sumtum,
1013 2883 1123 2948 neque
1146 2877 1330 2952 argumento

343 2925 465 2992 idoneo
491 2929 743 2999 demonstratum
763 2956 822 3006 est.
843 2948 969 3028 φθονέω
989 2963 1115 3026 autem,
1140 2949 1208 3011 aive
1222 2947 1332 3013 Jacob·

342 3011 385 3072 sii
399 3013 650 3096 explicationem
663 3025 817 3105 sequeris,
837 3031 892 3090 cui
907 3031 997 3092 favet
1010 3033 1146 3118 Virgilii
1158 3035 1265 3110 Ecl.I,
1285 3055 1332 3097 ιι.

255 3108 260 3118 ·
343 3117 408 3158 non
422 3100 564 3180 equidem
577 3105 715 3186 invideo,
726 3108 796 3174 sive
808 3111 915 3193 aliam,
932 3116 979 3178 sic
995 3131 1045 3179 eet
1059 3117 1183 3181 dictum
1198 3141 1238 3183 ex
1251 3117 1330 3179 anti·

343 3201 407 3268 qua
420 3183 584 3246 sentiendi
596 3190 742 3270 ratione,
766 3212 803 3259 vt
815 3200 990 3264 lectionem
1006 3209 1158 3287 αερτομέω
1172 3211 1268 3288 plane
1280 3225 1332 3264 ex·

339 3263 460 3330 cludat.
489 3269 636 3335 Jacobsii
659 3277 756 3339 verba
777 3279 856 3344 haec
879 3301 974 3348 sunt:
1011 3291 1119 3366 „Hoc
1139 3311 1270 3376 quoque
1294 3285 1330 3348 nd

339 3353 742 3436 „munerispraestantiam
752 3369 1034 3435 commendandam
1046 3375 1137 3439 facit.
1158 3377 1331 3458 Numquae

338 3436 440 3519 „quis
470 3437 586 3502 invido
615 3442 756 3512 donabat
784 3453 914 3534 animo,
945 3460 1221 3542 praestantissima
1241 3461 1328 3544 licet,

336 3541 431 3596 „non
453 3543 569 3608 augete
591 3541 699 3592 tamen
720 3536 910 3620 accipientis
933 3565 1010 3627 opes
1028 3545 1245 3624 videbantur,
1276 3541 1329 3606 sed

335 3603 561 3680 „imminuern
604 3614 695 3678 Hinc
715 3621 834 3703 passim
858 3627 916 3710 qui
931 3633 1066 3692 alterum
1081 3630 1243 3693 beneficio
1260 3627 1328 3689 effi·

334 3689 472 3768 „ciunt,
508 3693 654 3761 invidiae
676 3707 896 3789 suspicionem
919 3733 936 3773 a
959 3734 993 3776 ee
1014 3728 1160 3779 avertere
1179 3716 1326 3788 student,

333 3789 396 3850 „vt
410 3773 567 3841 Ovidius:
592 3783 718 3865 Parve,
742 3813 798 3852 nec
810 3797 953 3875 invideo,
979 3805 1048 3862 aine
1064 3823 1112 3860 me
1126 3801 1204 3862 liber
1217 3803 1279 3862 ibis
1293 3803 1329 3859 in

331 3857 469 3934 „telvm
479 3869 503 3899 “
543 3867 634 3929 Mihi
647 3885 751 3935 tamen
765 3877 862 3940 verba
877 3883 989 3964 potius
1004 3887 1053 3948 aio
1068 3886 1262 3969 explicanda
1280 3883 1327 3945 via

331 3940 466 4005 dentur:
489 3947 552 4010 tibi
572 3973 636 4013 non
656 3960 782 4020 invideo
802 3967 961 4050 insignem
974 3974 1112 4032 canendi
1116 3972 1323 4052 facultatem.

202 4025 210 4036 “
328 4027 372 4128 Si·
383 4029 456 4112 quie
471 4033 557 4094 enim
575 4036 690 4104 invido
705 4045 813 4109 animo
828 4051 1055 4119 vehementius
1071 4078 1167 4141 quam
1182 4073 1244 4142 pto*
1257 4057 1326 4116 ani·

327 4134 373 4174 uu
424 4119 609 4183 ersuasione
631 4124 794 4209 laudaret,
818 4135 847 4196 ie
865 4139 997 4204 laudato
1018 4141 1168 4208 nocebat.
1191 4143 1279 4206 conf.
1294 4143 1325 4208 J.

324 4197 371 4269 Η.
418 4197 523 4266 ossius
538 4203 580 4268 ati
596 4207 687 4318 virg.
703 4213 772 4282 Ecl.
789 4219 866 4301 VH,
882 4241 933 4312 27.
948 4247 979 4310 p.
995 4227 1068 4298 562.
1115 4229 1236 4294 liieisl.
