2886 5022
267 475 577 552 annocum
605 477 874 554 rnruaron
901 483 1005 552 xrv.
1054 473 1063 486 “
1092 424 1176 586 ’569

109 647 216 738 quue
229 645 324 713 nobie
337 646 383 714 aio
396 646 482 714 olam
493 637 672 734 aliqrsando
684 646 870 718 indicatum
891 651 1024 723 fuerat:

108 752 185 819 Non
200 761 313 818 tamen
326 769 399 814 rem
412 748 596 837 exploravi,
610 747 741 816 fraena
753 773 817 838 pro
830 753 904 820 viro
917 755 1057 826 barbam
1071 762 1173 834 alena.
1293 737 1297 760 Ι

108 853 180 920 Iam
201 851 306 937 igitur
328 873 390 916 noa
413 861 558 937 quatuor
577 851 684 940 probe
703 852 913 942 putabamus,

108 953 357 1044 EtLariaeacua
371 956 503 1042 Lycum
522 967 640 1020 meum
660 954 786 1040 iterum
800 950 1010 1042 decantabat,
1214 1037 1220 1046 μ

109 1057 339 1126 Tbearalicam
360 1057 582 1140 cantilenam,
603 1057 799 1148 improbum
815 1059 1008 1150 ingenium:
1032 1063 1174 1156 Cyniaca

703 1173 818 1228 autem

107 1261 227 1328 Flebat
241 1261 353 1329 cubito
369 1261 617 1344 vehementius,
639 1283 741 1350 qnam
758 1265 849 1353 apud
864 1275 1009 1336 matrem

108 1363 684 1454 l‘uellasexannomm„gremium
700 1377 869 1456 appetem.
984 1385 1015 1478 χ

109 1465 201 1532 Tum
217 1489 289 1554 ego,
310 1489 415 1558 quem
427 1467 516 1536 nunti
535 1479 591 1550 tn,
606 1467 819 1556 Thyonicbe,
840 1491 994 1560 pugnum
1007 1473 1040 1542 ei
1052 1474 1090 1543 in
1105 1499 1143 1546 oa

114 1637 319 1658 m-

173 1730 358 1800 cantilenae
382 1733 487 1799 fuitne
504 1730 657 1794 arbitror:
681 1730 794 1816 sicque
817 1731 913 1796 etiam
926 1733 1109 1798 brunckini
1124 1738 1174 1800 lu-

173 1811 299 1876 dicarao
325 1815 473 1894 videtur,
505 1816 562 1902 qui
578 1815 676 1878 verba
689 1816 744 1878 illa
763 1815 1083 1881 maiusculiclitteris
1099 1844 1173 1884 exa·

170 1897 268 1960 rande
283 1903 416 1964 curavit.
462 1901 583 1964 Contra
608 1900 730 1962 Reiske
753 1905 888 1986 pericopa
908 1903 1029 1986 accipit
1045 1927 1105 1988 pro
1120 1913 1173 1968 in-

177 1989 291 2064 genio:
321 1987 413 2070 atqui
427 1985 652 2048 Thessalorum
668 1986 703 2046 in
727 1985 837 2048 eninm
851 1986 977 2050 varium
988 1987 1055 2050 fuit
1068 2006 1101 2052 et
1116 1990 1171 2054 do·
1185 1997 1187 2004 ⁴

129 2127 143 2143 ‚,
169 2069 283 2134 lorum.
307 2093 338 2132 v.
351 2069 459 2132 Schol.
476 2069 516 2130 ad
534 2069 684 2154 Euripid.
699 2007 867 2132 {bocnica
881 2093 912 2134 v.
932 2069 1022 2136 1416.
1038 2072 1108 2154 (vbi
1123 2091 1171 2138 eat

174 2152 328 2219 Geneatae
348 2151 502 2239 σόφισμα,
531 2154 620 2240 quod
640 2154 858 2238 suspicionem
879 2155 1029 2234 Heinaii,
1077 2161 1130 2236 ni,
1154 2183 1172 2222 a

170 2237 330 2301 Palmario
354 2255 460 2302 tamen
484 2241 662 2316 refutatus,
687 2238 755 2301 h.l.
772 2236 963 2308 Θεσσαλικὸν
985 2265 1016 2306 τι
1035 2267 1171 2330 σοφισμα

173 2323 328 2410 corrigit,
353 2323 553 2409 aliquantum
570 2325 690 2406 iuvat,)
715 2337 749 2385 et
763 2324 1012 2390 Valckenarium
1027 2325 1068 2388 ad
1080 2329 1171 2391 illurn

171 2428 299 2470 versum
320 2408 489 2492 Euripidis
506 2431 540 2492 p.
554 2407 627 2485 478.
649 2422 682 2470 et
702 2407 742 2468 ad
766 2407 889 2470 scholia
904 2430 936 2492 p.
953 2405 1014 2492 768
1027 2432 1074 2494 aq.
1091 2413 1171 2479 adde

171 2493 376 2556 Wartonum.
426 2493 609 2556 Brunclriuc
637 2497 769 2576 μέλιγμα
796 2491 1002 2556 ccribendum
1031 2498 1170 2573 censuit,

170 2577 329 2662 probante
353 2577 579 2644 Valckenario.
600 2579 700 2639 Harl.
744 2577 846 2638 Nullo
866 2575 962 2638 morlo
980 2577 1035 2642 hic
1053 2597 1102 2642 cat
1118 2565 1187 2644 cos

171 2661 338 2748 giraudum
360 2661 400 2724 de
413 2659 596 2723 Thessalica
615 2659 751 2746 quadam
768 2661 939 2722 cantilena.
982 2663 1052 2725 Imo
1074 2664 1170 2728 verba

168 2743 223 2812 tob
237 2743 346 2814 Λύκον
361 2744 431 2832 ᾄδειν
445 2743 500 2811 oin’
511 2745 617 2833 ἀρχᾶς,
638 2749 762 2827 Lycum
778 2744 817 2806 ab
834 2743 943 2820 initio,
954 2745 976 2809 i.
997 2768 1023 2809 e.
1039 2747 1169 2826 iterum,

170 2832 375 2907 decantavit,
396 2831 530 2894 nonnisi
545 2830 608 2892 hoc
624 2829 826 2915 significant:
856 2829 985 2913 Lycum
1002 2832 1095 2894 illum
1110 2835 1171 2896 ite·
1246 2859 1252 2877 ⁸

168 2939 240 2978 rum
254 2917 445 2980 memoravit
465 2913 596 2979 iocandi
614 2931 647 2978 et
668 2913 835 3000 pungendi
853 2934 957 2996 causa.
1003 2914 1094 3002 Quae
1110 2918 1173 2981 ite.

168 3017 237 3064 rata
253 2999 342 3084 Lyci
368 2999 495 3064 mentio
513 3016 649 3063 vocatur
669 2999 854 3062 Thessalica
879 2999 1057 3078 cantilena,
1094 3004 1170 3102 quia

168 3085 317 3150 Thescali
332 3101 422 3148 erant
439 3084 572 3148 dicaces.
601 3087 646 3152 Vt
664 3099 769 3146 autem
783 3078 839 3144 bic
854 3085 994 3166 με’λισμα,
1009 3086 1056 3148 nic
1072 3103 1170 3152 etrum
1206 3083 1213 3102 “

169 3170 272 3232 latine
296 3168 417 3232 dicitur
436 3173 610 3233 cantilena.
643 3170 740 3233 Coos.
761 3169 892 3232 Manut.
910 3167 951 3230 ad
974 3169 1043 3232 Cic.
1062 3172 1170 3256 Epist.

169 3253 211 3316 acl
225 3255 306 3318 Div.
319 3253 378 3318 Xl.
395 3273 447 3322 20.
469 3255 624 3340 Denique
638 3259 731 3320 annal
744 3255 850 3340 φρένες
863 3253 971 3316 malim
987 3253 1171 3344 intelligere

170 3339 210 3402 de
226 3339 381 3402 Thessalo
403 3360 497 3423 quam
514 3337 553 3401 de
568 3344 692 3424 puella:
716 3337 892 3422 improbum
910 3342 1092 3420 ingenium,
1118 3339 1172 3404 der

171 3425 241 3486 bb'ac
262 3425 413 3486 Menoclz!
424 3445 428 3454 ’
455 3427 573 3488 Kiccal.

116 3505 179 3596 ¹52.
201 3511 378 3575 Hermann.
395 3508 432 3568 in
454 3507 591 3592 prem.
614 3508 698 3574 liter.
719 3507 764 3570 Li
789 3530 814 3572 a.
837 3527 865 3568 a.
891 3513 980 3586 1807.
999 3529 1119 3577 no.10.
1143 3534 1171 3574 c.

171 3591 263 3676 1754·
279 3593 391 3656 scribit
412 3591 508 3662 ἔκλαι’
526 3615 585 3676 pro
607 3597 739 3680 vulgato
761 3601 878 3660 antara·
901 3592 958 3675 qui
980 3595 1068 3656 foret
1084 3595 1169 3656 aori·
1291 3661 1295 3671 Ι

170 3695 238 3744 atur
253 3679 294 3740 ΙΙ.
307 3678 364 3762 qui
377 3699 444 3740 non
461 3693 576 3744 exstat.
598 3677 781 3762 Imperfect.
797 3676 916 3762 legitur
931 3675 1027 3760 ldyll.
1044 3679 1169 3742 XXllL

172 3787 222 3848 17.
244 3799 288 3811 -
308 3765 371 3828 Pro
384 3767 456 3850 napi
477 3785 551 3823 cum
561 3762 728 3826 Brunckio
751 3778 784 3824 et
798 3759 950 3824 Valcken.
967 3783 1006 3822 ex
1021 3761 1111 3844 eda,
1135 3763 1170 3824 in

168 3849 286 3937 quibua
303 3864 352 3911 eat
368 3849 465 3911 etiam
480 3845 694 3922 Schellerab.‚
717 3845 863 3908 dedimus
879 3841 984 3932 napi.
1020 3849 1138 3912 Kioecl.

116 3949 178 4020 33·
201 3951 252 4020 54.
273 3954 337 4016 Pro
351 3946 574 4036 ἐπιθυμήσασα
589 3951 630 4011 lc.
644 3947 781 4012 Vorriuc
794 3947 937 4011 coniecit
952 3943 1172 4030 ἕπιθρηνὴσα-

168 4063 220 4107 oo.
263 4041 302 4100 In
325 4036 439 4122 Stepb.
461 4057 558 4121 marg.
582 4049 631 4097 eat
653 4029 886 4122 ἒπιθυμῄνασα.
906 4065 952 4082 -
978 4032 1171 4095 Lectionem

129 4155 134 4165 ¹
168 4126 238 4202 ἴσης
250 4119 287 4189 ni
300 4127 383 4186 male
397 4134 503 4184 mutat
516 4120 552 4182 in
573 4123 693 4198 ἴσησθα
710 4117 853 4184 Vossius.
873 4149 917 4168 ·-
933 4118 1048 4198 ,Multa
1065 4137 1170 4178 exem·

13 4241 21 4364 p
118 4263 121 4268 .
165 4213 219 4296 pla
237 4206 392 4272 dictionis
407 4203 468 4286 πύξ
491 4209 545 4276 inl
557 4202 680 4294 ao'dpoo
701 4199 976 4351 copgeeta-bunta
995 4200 1170 4266 Valckena-

779 4311 796 4350 a
