<?xml version="1.0" encoding="UTF-8"?>
<!DOCTYPE html PUBLIC "-//W3C//DTD XHTML 1.0 Transitional//EN"
    "http://www.w3.org/TR/xhtml1/DTD/xhtml1-transitional.dtd">
<html xmlns="http://www.w3.org/1999/xhtml" xml:lang="en" lang="en">
 <head>
  <title>
</title>
<meta http-equiv="Content-Type" content="text/html;charset=utf-8" />
  <meta name='ocr-system' content='tesseract 3.04.00' />
  <meta name='ocr-capabilities' content='ocr_page ocr_carea ocr_par ocr_line ocrx_word'/>
</head>
<body>
  <div class='ocr_page' id='page_1' title='image "./theocritireliqv00kiesgoog_0742.png"; bbox 0 0 2942 5014; ppageno 0'>
   <div class='ocr_carea' id='block_1_1' title="bbox 237 445 1167 543">
    <p class='ocr_par' dir='ltr' id='par_1_1' title="bbox 237 445 1167 543">
     <span class='ocr_line' id='line_1_1' title="bbox 237 445 1167 543; baseline 0.012 -32"><span class='ocrx_word' id='word_1_1' title='bbox 237 445 538 512; x_wconf 77' lang='lat' dir='ltr'><strong>ruscorum</strong></span> <span class='ocrx_word' id='word_1_2' title='bbox 571 450 840 515; x_wconf 76' lang='lat' dir='ltr'><strong>rnrnmou</strong></span> <span class='ocrx_word' id='word_1_3' title='bbox 871 450 1038 518; x_wconf 75' lang='lat' dir='ltr'><strong>xxvrr</strong></span> <span class='ocrx_word' id='word_1_4' title='bbox 1105 454 1167 543; x_wconf 77' lang='lat'><strong>753</strong></span> 
     </span>
    </p>
   </div>
   <div class='ocr_carea' id='block_1_2' title="bbox 114 617 1080 910">
    <p class='ocr_par' dir='ltr' id='par_1_2' title="bbox 114 617 1080 910">
     <span class='ocr_line' id='line_1_2' title="bbox 114 617 1080 710; baseline -0.001 -21"><span class='ocrx_word' id='word_1_5' title='bbox 114 619 174 690; x_wconf 82' lang='lat' dir='ltr'><strong>llls</strong></span> <span class='ocrx_word' id='word_1_6' title='bbox 187 640 294 706; x_wconf 90' lang='lat' dir='ltr'><strong>quum</strong></span> <span class='ocrx_word' id='word_1_7' title='bbox 309 617 529 698; x_wconf 75' lang='lat' dir='ltr'><strong>surrexisset,</strong></span> <span class='ocrx_word' id='word_1_8' title='bbox 550 617 663 686; x_wconf 81' lang='lat' dir='ltr'><strong>ebibat</strong></span> <span class='ocrx_word' id='word_1_9' title='bbox 674 620 717 686; x_wconf 80' lang='lat' dir='ltr'><strong>ccl</strong></span> <span class='ocrx_word' id='word_1_10' title='bbox 735 619 874 710; x_wconf 78' lang='lat' dir='ltr'><strong>cupellas</strong></span> <span class='ocrx_word' id='word_1_11' title='bbox 887 621 1080 710; x_wconf 82' lang='lat' dir='ltr'><strong>pascendas,</strong></span> 
     </span>
     <span class='ocr_line' id='line_1_3' title="bbox 117 719 1055 812; baseline -0.001 -24"><span class='ocrx_word' id='word_1_12' title='bbox 117 721 233 790; x_wconf 85' lang='lat' dir='ltr'><strong>Oculis</strong></span> <span class='ocrx_word' id='word_1_13' title='bbox 245 720 376 812; x_wconf 82' lang='lat' dir='ltr'><strong>putlore</strong></span> <span class='ocrx_word' id='word_1_14' title='bbox 391 719 536 803; x_wconf 80' lang='lat' dir='ltr'><strong>suffusis,</strong></span> <span class='ocrx_word' id='word_1_15' title='bbox 556 734 741 810; x_wconf 81' lang='lat' dir='ltr'><strong>pectusque</strong></span> <span class='ocrx_word' id='word_1_16' title='bbox 754 723 862 790; x_wconf 90' lang='lat' dir='ltr'><strong>imum</strong></span> <span class='ocrx_word' id='word_1_17' title='bbox 876 725 1055 812; x_wconf 75' lang='lat' dir='ltr'><strong>gestiebat:</strong></span> 
     </span>
     <span class='ocr_line' id='line_1_4' title="bbox 115 822 1008 910; baseline -0.004 -16"><span class='ocrx_word' id='word_1_18' title='bbox 115 825 180 894; x_wconf 82' lang='lat' dir='ltr'><strong>llic</strong></span> <span class='ocrx_word' id='word_1_19' title='bbox 193 835 309 892; x_wconf 82' lang='lat' dir='ltr'><strong>eutem</strong></span> <span class='ocrx_word' id='word_1_20' title='bbox 320 823 365 890; x_wconf 84' lang='lat' dir='ltr'><strong>ud</strong></span> <span class='ocrx_word' id='word_1_21' title='bbox 380 835 535 890; x_wconf 77' lang='lat' dir='ltr'><strong>armenta</strong></span> <span class='ocrx_word' id='word_1_22' title='bbox 554 822 678 910; x_wconf 86' lang='lat' dir='ltr'><strong>boum,</strong></span> <span class='ocrx_word' id='word_1_23' title='bbox 699 825 805 892; x_wconf 77' lang='lat' dir='ltr'><strong>laetus</strong></span> <span class='ocrx_word' id='word_1_24' title='bbox 819 825 1008 896; x_wconf 84' lang='lat' dir='ltr'><strong>concubitu.</strong></span> 
     </span>
    </p>
   </div>
   <div class='ocr_carea' id='block_1_3' title="bbox 382 1273 894 1514">
    <p class='ocr_par' dir='ltr' id='par_1_3' title="bbox 382 1273 894 1514">
     <span class='ocr_line' id='line_1_5' title="bbox 382 1273 894 1360; baseline 0.002 -15"><span class='ocrx_word' id='word_1_25' title='bbox 382 1275 415 1345; x_wconf 79' lang='lat' dir='ltr'>A</span> <span class='ocrx_word' id='word_1_26' title='bbox 433 1277 465 1344; x_wconf 85' lang='lat' dir='ltr'>R</span> <span class='ocrx_word' id='word_1_27' title='bbox 486 1273 519 1343; x_wconf 90' lang='lat' dir='ltr'>G</span> <span class='ocrx_word' id='word_1_28' title='bbox 538 1277 573 1360; x_wconf 80' lang='lat' dir='ltr'>U</span> <span class='ocrx_word' id='word_1_29' title='bbox 591 1277 630 1343; x_wconf 90' lang='lat' dir='ltr'><strong>M</strong></span> <span class='ocrx_word' id='word_1_30' title='bbox 649 1275 679 1344; x_wconf 88' lang='lat' dir='ltr'><strong>E</strong></span> <span class='ocrx_word' id='word_1_31' title='bbox 698 1275 730 1344; x_wconf 88' lang='lat' dir='ltr'>N</span> <span class='ocrx_word' id='word_1_32' title='bbox 751 1277 783 1342; x_wconf 89' lang='lat' dir='ltr'>T</span> <span class='ocrx_word' id='word_1_33' title='bbox 802 1275 835 1343; x_wconf 86' lang='lat' dir='ltr'><strong>U</strong></span> <span class='ocrx_word' id='word_1_34' title='bbox 854 1277 894 1346; x_wconf 85' lang='lat' dir='ltr'>M</span> 
     </span>
     <span class='ocr_line' id='line_1_6' title="bbox 421 1443 857 1514; baseline 0 -2"><span class='ocrx_word' id='word_1_35' title='bbox 421 1446 639 1512; x_wconf 81' lang='lat' dir='ltr'>lDYLLII</span> <span class='ocrx_word' id='word_1_36' title='bbox 670 1443 857 1514; x_wconf 85' lang='lat' dir='ltr'>XXVIII.</span> 
     </span>
    </p>
   </div>
   <div class='ocr_carea' id='block_1_4' title="bbox 109 1665 1182 2468">
    <p class='ocr_par' dir='ltr' id='par_1_4' title="bbox 109 1665 1182 2468">
     <span class='ocr_line' id='line_1_7' title="bbox 128 1665 1182 1754; baseline 0.008 -24"><span class='ocrx_word' id='word_1_37' title='bbox 128 1681 130 1687; x_wconf 73' lang='grc'><strong>“</strong></span> <span class='ocrx_word' id='word_1_38' title='bbox 199 1666 432 1731; x_wconf 82' lang='lat' dir='ltr'><strong>Suevissimum</strong></span> <span class='ocrx_word' id='word_1_39' title='bbox 449 1665 513 1730; x_wconf 88' lang='lat' dir='ltr'><strong>boe</strong></span> <span class='ocrx_word' id='word_1_40' title='bbox 526 1669 713 1753; x_wconf 78' lang='lat' dir='ltr'><strong>poemrtitm</strong></span> <span class='ocrx_word' id='word_1_41' title='bbox 728 1670 883 1754; x_wconf 87' lang='lat' dir='ltr'><strong>seriptum</strong></span> <span class='ocrx_word' id='word_1_42' title='bbox 899 1672 997 1734; x_wconf 85' lang='lat' dir='ltr'><strong>estin</strong></span> <span class='ocrx_word' id='word_1_43' title='bbox 1013 1677 1182 1738; x_wconf 50' lang='lat' dir='ltr'><strong>commen?</strong></span> 
     </span>
     <span class='ocr_line' id='line_1_8' title="bbox 114 1769 1171 1858; baseline 0.008 -26"><span class='ocrx_word' id='word_1_44' title='bbox 114 1769 278 1832; x_wconf 79' lang='lat' dir='ltr'><strong>(lationem</strong></span> <span class='ocrx_word' id='word_1_45' title='bbox 294 1773 358 1833; x_wconf 86' lang='lat' dir='ltr'><strong>coli</strong></span> <span class='ocrx_word' id='word_1_46' title='bbox 379 1771 554 1849; x_wconf 74' lang='lat' dir='ltr'><strong>eburneae,</strong></span> <span class='ocrx_word' id='word_1_47' title='bbox 579 1794 674 1858; x_wconf 82' lang='lat' dir='ltr'><strong>quum</strong></span> <span class='ocrx_word' id='word_1_48' title='bbox 694 1789 791 1857; x_wconf 82' lang='lat' dir='ltr'><strong>poete</strong></span> <span class='ocrx_word' id='word_1_49' title='bbox 804 1773 960 1835; x_wconf 87' lang='lat' dir='ltr'><strong>Miletum</strong></span> <span class='ocrx_word' id='word_1_50' title='bbox 982 1780 1051 1837; x_wconf 79' lang='lat' dir='ltr'><strong>vele</strong></span> <span class='ocrx_word' id='word_1_51' title='bbox 1067 1778 1171 1840; x_wconf 78' lang='lat' dir='ltr'><strong>fectu·</strong></span> 
     </span>
     <span class='ocr_line' id='line_1_9' title="bbox 111 1871 1171 1960; baseline 0.007 -24"><span class='ocrx_word' id='word_1_52' title='bbox 111 1895 171 1936; x_wconf 90' lang='lat' dir='ltr'><strong>rus</strong></span> <span class='ocrx_word' id='word_1_53' title='bbox 184 1871 400 1958; x_wconf 82' lang='lat' dir='ltr'><strong>Theugenidi‚</strong></span> <span class='ocrx_word' id='word_1_54' title='bbox 416 1875 532 1938; x_wconf 78' lang='lat' dir='ltr'><strong>Niciae</strong></span> <span class='ocrx_word' id='word_1_55' title='bbox 545 1873 664 1937; x_wconf 86' lang='lat' dir='ltr'><strong>medici</strong></span> <span class='ocrx_word' id='word_1_56' title='bbox 680 1875 824 1960; x_wconf 87' lang='lat' dir='ltr'><strong>coniugi,</strong></span> <span class='ocrx_word' id='word_1_57' title='bbox 850 1873 969 1936; x_wconf 86' lang='lat' dir='ltr'><strong>donum</strong></span> <span class='ocrx_word' id='word_1_58' title='bbox 985 1874 1171 1943; x_wconf 75' lang='lat' dir='ltr'><strong>destinavit.</strong></span> 
     </span>
     <span class='ocr_line' id='line_1_10' title="bbox 112 1975 1170 2063; baseline 0.004 -24"><span class='ocrx_word' id='word_1_59' title='bbox 112 1977 205 2039; x_wconf 87' lang='lat' dir='ltr'><strong>Dum</strong></span> <span class='ocrx_word' id='word_1_60' title='bbox 226 1977 326 2058; x_wconf 80' lang='lat' dir='ltr'><strong>ipsam</strong></span> <span class='ocrx_word' id='word_1_61' title='bbox 348 1982 472 2053; x_wconf 85' lang='lat' dir='ltr'><strong>colum,</strong></span> <span class='ocrx_word' id='word_1_62' title='bbox 496 1997 590 2063; x_wconf 83' lang='lat' dir='ltr'><strong>quam</strong></span> <span class='ocrx_word' id='word_1_63' title='bbox 611 1975 762 2038; x_wconf 77' lang='lat' dir='ltr'><strong>habiturn</strong></span> <span class='ocrx_word' id='word_1_64' title='bbox 782 1977 826 2038; x_wconf 89' lang='lat' dir='ltr'><strong>sit</strong></span> <span class='ocrx_word' id='word_1_65' title='bbox 849 1977 1030 2054; x_wconf 82' lang='lat' dir='ltr'><strong>dominam,</strong></span> <span class='ocrx_word' id='word_1_66' title='bbox 1055 1976 1170 2043; x_wconf 84' lang='lat' dir='ltr'><strong>(locere</strong></span> 
     </span>
     <span class='ocr_line' id='line_1_11' title="bbox 110 2077 1171 2166; baseline -0.002 -21"><span class='ocrx_word' id='word_1_67' title='bbox 110 2079 261 2156; x_wconf 76' lang='lat' dir='ltr'><strong>videtur,</strong></span> <span class='ocrx_word' id='word_1_68' title='bbox 284 2077 541 2142; x_wconf 81' lang='lat' dir='ltr'><strong>honestissimum</strong></span> <span class='ocrx_word' id='word_1_69' title='bbox 559 2091 735 2140; x_wconf 76' lang='lat' dir='ltr'><strong>matronam</strong></span> <span class='ocrx_word' id='word_1_70' title='bbox 757 2077 892 2161; x_wconf 85' lang='lat' dir='ltr'><strong>eiusque</strong></span> <span class='ocrx_word' id='word_1_71' title='bbox 912 2077 1061 2140; x_wconf 79' lang='lat' dir='ltr'><strong>maritum</strong></span> <span class='ocrx_word' id='word_1_72' title='bbox 1081 2079 1171 2166; x_wconf 85' lang='lat' dir='ltr'><strong>inge-</strong></span> 
     </span>
     <span class='ocr_line' id='line_1_12' title="bbox 112 2178 1171 2264; baseline 0 -20"><span class='ocrx_word' id='word_1_73' title='bbox 112 2181 209 2244; x_wconf 85' lang='lat' dir='ltr'><strong>niose</strong></span> <span class='ocrx_word' id='word_1_74' title='bbox 230 2196 265 2242; x_wconf 87' lang='lat' dir='ltr'><strong>et</strong></span> <span class='ocrx_word' id='word_1_75' title='bbox 284 2179 404 2242; x_wconf 81' lang='lat' dir='ltr'><strong>vrbsne</strong></span> <span class='ocrx_word' id='word_1_76' title='bbox 418 2178 540 2240; x_wconf 73' lang='lat' dir='ltr'><strong>laudet.</strong></span> <span class='ocrx_word' id='word_1_77' title='bbox 558 2212 603 2228; x_wconf 96' lang='lat'><em>-</em></span> <span class='ocrx_word' id='word_1_78' title='bbox 623 2179 715 2242; x_wconf 83' lang='lat' dir='ltr'><strong>Este</strong></span> <span class='ocrx_word' id='word_1_79' title='bbox 734 2179 841 2261; x_wconf 86' lang='lat' dir='ltr'><strong>lyrico</strong></span> <span class='ocrx_word' id='word_1_80' title='bbox 863 2198 997 2263; x_wconf 85' lang='lat' dir='ltr'><strong>genere,</strong></span> <span class='ocrx_word' id='word_1_81' title='bbox 1022 2181 1110 2264; x_wconf 86' lang='lat' dir='ltr'><strong>quod</strong></span> <span class='ocrx_word' id='word_1_82' title='bbox 1129 2205 1171 2244; x_wconf 85' lang='lat' dir='ltr'><strong>ex</strong></span> 
     </span>
     <span class='ocr_line' id='line_1_13' title="bbox 109 2279 1170 2368; baseline -0.001 -23"><span class='ocrx_word' id='word_1_83' title='bbox 109 2295 305 2368; x_wconf 79' lang='lat' dir='ltr'><strong>argumento</strong></span> <span class='ocrx_word' id='word_1_84' title='bbox 325 2295 360 2343; x_wconf 90' lang='lat' dir='ltr'><strong>et</strong></span> <span class='ocrx_word' id='word_1_85' title='bbox 376 2301 580 2344; x_wconf 82' lang='lat' dir='ltr'><strong>numerorum</strong></span> <span class='ocrx_word' id='word_1_86' title='bbox 600 2279 725 2342; x_wconf 85' lang='lat' dir='ltr'><strong>retieue</strong></span> <span class='ocrx_word' id='word_1_87' title='bbox 746 2281 828 2341; x_wconf 86' lang='lat' dir='ltr'><strong>clure</strong></span> <span class='ocrx_word' id='word_1_88' title='bbox 849 2279 1054 2366; x_wconf 82' lang='lat' dir='ltr'><strong>intelligitur.</strong></span> <span class='ocrx_word' id='word_1_89' title='bbox 1097 2283 1170 2344; x_wconf 87' lang='lat' dir='ltr'><strong>Me·</strong></span> 
     </span>
     <span class='ocr_line' id='line_1_14' title="bbox 112 2379 1171 2468; baseline -0.001 -22"><span class='ocrx_word' id='word_1_90' title='bbox 112 2401 200 2447; x_wconf 88' lang='lat' dir='ltr'><strong>trum</strong></span> <span class='ocrx_word' id='word_1_91' title='bbox 223 2383 309 2446; x_wconf 85' lang='lat' dir='ltr'><strong>enim</strong></span> <span class='ocrx_word' id='word_1_92' title='bbox 329 2397 377 2445; x_wconf 83' lang='lat' dir='ltr'><strong>est</strong></span> <span class='ocrx_word' id='word_1_93' title='bbox 400 2379 649 2442; x_wconf 83' lang='lat' dir='ltr'><strong>choriambicum</strong></span> <span class='ocrx_word' id='word_1_94' title='bbox 669 2397 761 2468; x_wconf 81' lang='lat' dir='ltr'><strong>etex</strong></span> <span class='ocrx_word' id='word_1_95' title='bbox 782 2402 823 2443; x_wconf 90' lang='lat' dir='ltr'><strong>eo</strong></span> <span class='ocrx_word' id='word_1_96' title='bbox 839 2402 972 2466; x_wconf 81' lang='lat' dir='ltr'><strong>genere,</strong></span> <span class='ocrx_word' id='word_1_97' title='bbox 1007 2381 1093 2468; x_wconf 86' lang='lat' dir='ltr'><strong>quod</strong></span> <span class='ocrx_word' id='word_1_98' title='bbox 1114 2384 1171 2444; x_wconf 81' lang='lat' dir='ltr'><strong>Al·</strong></span> 
     </span>
    </p>
   </div>
   <div class='ocr_carea' id='block_1_5' title="bbox 113 2481 1171 2648">
    <p class='ocr_par' dir='ltr' id='par_1_5' title="bbox 113 2481 1171 2648">
     <span class='ocr_line' id='line_1_15' title="bbox 113 2481 1171 2570; baseline -0.002 -22"><span class='ocrx_word' id='word_1_99' title='bbox 113 2505 211 2548; x_wconf 80' lang='lat' dir='ltr'><strong>cneus</strong></span> <span class='ocrx_word' id='word_1_100' title='bbox 227 2483 375 2565; x_wconf 83' lang='lat' dir='ltr'><strong>inprimis</strong></span> <span class='ocrx_word' id='word_1_101' title='bbox 390 2481 623 2566; x_wconf 76' lang='lat' dir='ltr'><strong>frequentavit,</strong></span> <span class='ocrx_word' id='word_1_102' title='bbox 646 2497 680 2544; x_wconf 82' lang='lat' dir='ltr'><strong>et</strong></span> <span class='ocrx_word' id='word_1_103' title='bbox 694 2504 736 2545; x_wconf 83' lang='lat' dir='ltr'><strong>ex</strong></span> <span class='ocrx_word' id='word_1_104' title='bbox 750 2504 816 2570; x_wconf 73' lang='lat' dir='ltr'><strong>quo</strong></span> <span class='ocrx_word' id='word_1_105' title='bbox 836 2497 884 2544; x_wconf 87' lang='lat' dir='ltr'><strong>est</strong></span> <span class='ocrx_word' id='word_1_106' title='bbox 905 2482 1002 2546; x_wconf 73' lang='lat' dir='ltr'><strong>etlam</strong></span> <span class='ocrx_word' id='word_1_107' title='bbox 1021 2485 1171 2548; x_wconf 72' lang='lat' dir='ltr'><strong>Horatia·</strong></span> 
     </span>
     <span class='ocr_line' id='line_1_16' title="bbox 113 2580 609 2648; baseline -0.006 0"><span class='ocrx_word' id='word_1_108' title='bbox 113 2605 195 2648; x_wconf 84' lang='lat' dir='ltr'><strong>num</strong></span> <span class='ocrx_word' id='word_1_109' title='bbox 212 2603 337 2644; x_wconf 82' lang='lat' dir='ltr'><strong>carmen</strong></span> <span class='ocrx_word' id='word_1_110' title='bbox 351 2581 472 2645; x_wconf 89' lang='lat' dir='ltr'><strong>XVlll.</strong></span> <span class='ocrx_word' id='word_1_111' title='bbox 489 2580 566 2642; x_wconf 87' lang='lat' dir='ltr'><strong>libri</strong></span> <span class='ocrx_word' id='word_1_112' title='bbox 580 2583 609 2646; x_wconf 90' lang='lat'><strong>1.</strong></span> 
     </span>
    </p>
   </div>
   <div class='ocr_carea' id='block_1_6' title="bbox 158 2759 1088 2821">
    <p class='ocr_par' dir='ltr' id='par_1_6' title="bbox 158 2759 1088 2821">
     <span class='ocr_line' id='line_1_17' title="bbox 158 2759 1088 2821; baseline 0.011 -17"><span class='ocrx_word' id='word_1_113' title='bbox 158 2787 202 2804; x_wconf 76' lang='grc' dir='ltr'><strong>ι-</strong></span> <span class='ocrx_word' id='word_1_114' title='bbox 243 2771 516 2804; x_wconf 64' lang='grc' dir='ltr'>ι-ιι-υυ-ι·</span> <span class='ocrx_word' id='word_1_115' title='bbox 557 2773 747 2808; x_wconf 68' lang='grc' dir='ltr'>-ννιιι</span> <span class='ocrx_word' id='word_1_116' title='bbox 787 2759 976 2812; x_wconf 46' lang='grc' dir='ltr'><strong>ιε’-θυι-</strong></span> <span class='ocrx_word' id='word_1_117' title='bbox 1016 2781 1088 2821; x_wconf 76' lang='grc' dir='ltr'><strong>νυ.</strong></span> 
     </span>
    </p>
   </div>
   <div class='ocr_carea' id='block_1_7' title="bbox 114 2858 1173 3314">
    <p class='ocr_par' dir='ltr' id='par_1_7' title="bbox 114 2858 1173 3314">
     <span class='ocr_line' id='line_1_18' title="bbox 256 2858 279 2889; baseline 0 0"><span class='ocrx_word' id='word_1_118' title='bbox 256 2858 279 2889; x_wconf 59' lang='lat' dir='ltr'><strong>b</strong></span> 
     </span>
     <span class='ocr_line' id='line_1_19' title="bbox 114 2920 1173 3015; baseline 0 -31"><span class='ocrx_word' id='word_1_119' title='bbox 114 2923 217 2990; x_wconf 82' lang='lat' dir='ltr'><strong>Genf.</strong></span> <span class='ocrx_word' id='word_1_120' title='bbox 238 2920 415 2984; x_wconf 81' lang='lat' dir='ltr'><strong>Hermsnni</strong></span> <span class='ocrx_word' id='word_1_121' title='bbox 440 2923 542 2984; x_wconf 86' lang='lat' dir='ltr'><strong>Elem.</strong></span> <span class='ocrx_word' id='word_1_122' title='bbox 563 2921 664 2986; x_wconf 86' lang='lat' dir='ltr'><strong>doctr.</strong></span> <span class='ocrx_word' id='word_1_123' title='bbox 688 2939 778 2986; x_wconf 84' lang='lat' dir='ltr'><strong>metr.</strong></span> <span class='ocrx_word' id='word_1_124' title='bbox 802 2945 834 3009; x_wconf 88' lang='lat' dir='ltr'><strong>p.</strong></span> <span class='ocrx_word' id='word_1_125' title='bbox 849 2923 923 3010; x_wconf 78' lang='lat'><strong>437.</strong></span> <span class='ocrx_word' id='word_1_126' title='bbox 944 2957 987 2974; x_wconf 90' lang='lat'><strong>-··</strong></span> <span class='ocrx_word' id='word_1_127' title='bbox 1018 2925 1059 2990; x_wconf 86' lang='lat' dir='ltr'><strong>In</strong></span> <span class='ocrx_word' id='word_1_128' title='bbox 1081 2949 1173 3015; x_wconf 74' lang='lat' dir='ltr'><strong>argu.</strong></span> 
     </span>
     <span class='ocr_line' id='line_1_20' title="bbox 114 3023 1171 3115; baseline 0.004 -25"><span class='ocrx_word' id='word_1_129' title='bbox 114 3039 226 3090; x_wconf 87' lang='lat' dir='ltr'><strong>mento</strong></span> <span class='ocrx_word' id='word_1_130' title='bbox 247 3044 379 3110; x_wconf 83' lang='lat' dir='ltr'><strong>greecc,</strong></span> <span class='ocrx_word' id='word_1_131' title='bbox 403 3023 490 3110; x_wconf 84' lang='lat' dir='ltr'><strong>quod</strong></span> <span class='ocrx_word' id='word_1_132' title='bbox 511 3023 580 3088; x_wconf 84' lang='lat' dir='ltr'><strong>cod.</strong></span> <span class='ocrx_word' id='word_1_133' title='bbox 597 3025 700 3088; x_wconf 85' lang='lat' dir='ltr'><strong>Vutic.</strong></span> <span class='ocrx_word' id='word_1_134' title='bbox 715 3041 825 3088; x_wconf 81' lang='lat' dir='ltr'><strong>sextus</strong></span> <span class='ocrx_word' id='word_1_135' title='bbox 846 3027 995 3111; x_wconf 81' lang='lat' dir='ltr'><strong>praebet,</strong></span> <span class='ocrx_word' id='word_1_136' title='bbox 1018 3033 1171 3115; x_wconf 85' lang='lat' dir='ltr'><strong>leguntur</strong></span> 
     </span>
     <span class='ocr_line' id='line_1_21' title="bbox 115 3121 1171 3230; baseline 0.009 -37"><span class='ocrx_word' id='word_1_137' title='bbox 115 3121 196 3208; x_wconf 78' lang='lat' dir='ltr'><strong>istu:</strong></span> <span class='ocrx_word' id='word_1_138' title='bbox 217 3131 392 3210; x_wconf 72' lang='grc' dir='ltr'><em>Γέγραπται</em></span> <span class='ocrx_word' id='word_1_139' title='bbox 405 3131 439 3197; x_wconf 68' lang='grc' dir='ltr'><strong>δὲ</strong></span> <span class='ocrx_word' id='word_1_140' title='bbox 453 3132 577 3197; x_wconf 69' lang='lat' dir='ltr'><strong>Aietius</strong></span> <span class='ocrx_word' id='word_1_141' title='bbox 589 3131 734 3216; x_wconf 73' lang='grc' dir='ltr'><strong>διαλέκτῳ</strong></span> <span class='ocrx_word' id='word_1_142' title='bbox 746 3126 831 3219; x_wconf 74' lang='lat' dir='ltr'><strong>nupti</strong></span> <span class='ocrx_word' id='word_1_143' title='bbox 844 3127 882 3198; x_wconf 69' lang='lat' dir='ltr'><strong>rc*</strong></span> <span class='ocrx_word' id='word_1_144' title='bbox 896 3129 1052 3230; x_wconf 73' lang='lat' dir='ltr'><strong>supparis</strong></span> <span class='ocrx_word' id='word_1_145' title='bbox 1066 3137 1171 3202; x_wconf 72' lang='lat' dir='ltr'><strong>inuus-</strong></span> 
     </span>
     <span class='ocr_line' id='line_1_22' title="bbox 114 3227 582 3314; baseline -0.002 -16"><span class='ocrx_word' id='word_1_146' title='bbox 114 3227 354 3314; x_wconf 60' lang='lat' dir='ltr'><strong>aemalutores.</strong></span> <span class='ocrx_word' id='word_1_147' title='bbox 578 3229 582 3238; x_wconf 85' lang='grc'><strong>’</strong></span> 
     </span>
    </p>
   </div>
   <div class='ocr_carea' id='block_1_8' title="bbox 0 0 1486 5014">
    <p class='ocr_par' dir='ltr' id='par_1_8' title="bbox 0 0 1486 5014">
     <span class='ocr_line' id='line_1_23' title="bbox 0 0 1486 5014; baseline 0 0"><span class='ocrx_word' id='word_1_148' title='bbox 0 0 1486 5014; x_wconf 95' lang='lat' dir='ltr'><strong> </strong></span> 
     </span>
    </p>
   </div>
  </div>
 </body>
</html>
