2938 5018
292 447 913 537 ruaocn1r111>ran1orr
942 453 1062 522 xxv.
1141 453 1209 553 aa,

128 621 245 710 Aliqui
260 623 365 690 etiam
384 621 525 688 mentiri
541 621 702 690 viatorem
718 621 886 706 dicebant,
949 680 951 688 .

123 725 203 814 Qui
217 749 307 791 vana
319 725 437 812 lingua
450 725 721 812 gratificarentur
734 726 981 815 praesentibus.

88 851 101 870 ⁸
212 827 268 895 Sic
282 829 414 894 locutus
434 829 578 896 emedia
594 828 736 896 excessit
750 829 807 898 via

126 929 290 1021 Phyleus,
312 945 351 998 vt
364 935 530 1003 ambobus
546 931 776 1000 incedentibus
789 931 970 1016 sufficeret,

18 1033 19 1042 ’
123 1033 169 1100 Et
185 1032 315 1102 facilius
332 1036 511 1106 Herculem
530 1038 727 1123 loquentem
744 1035 933 1120 exaudiret,

125 1133 197 1224 Qui
214 1157 294 1204 eum
307 1152 442 1208 secutus
455 1142 508 1208 his
524 1139 636 1208 verbis
653 1141 820 1206 allocutus
837 1148 906 1206 este

15 1319 17 1328 ,
211 1240 241 1304 0
256 1241 424 1333 Augiada,
447 1243 538 1333 quod
555 1265 612 1310 me
627 1243 777 1331 primum
793 1239 1038 1330 interrogabas,

121 1339 195 1408 Hoc
213 1341 286 1428 ipse
301 1365 467 1432 perquam
483 1345 582 1412 facile
600 1345 644 1412 ad
661 1345 821 1432 amussim
838 1341 1060 1436 perpendisti.

119 1443 241 1513 Dicam
261 1468 341 1514 vero
360 1446 419 1512 tibi
432 1447 564 1536 singula
577 1448 620 1514 de
633 1446 698 1512 hoc
712 1459 875 1531 monstro,

122 1543 304 1635 Quomodo
320 1565 457 1639 peracta
474 1551 560 1632 sint,
582 1549 742 1638 quoniam
761 1549 856 1640 cupis
869 1547 998 1634 eodm,

120 1646 360 1738 Praeterquam
370 1655 459 1722 vnde
468 1655 619 1722 venerits
640 1651 821 1736 hocenim,
843 1651 1002 1740 quamvis
1009 1646 1203 1742 multieint,

120 1747 329 1836 Argivorum
343 1779 443 1823 nemo
458 1757 562 1846 possit
574 1768 664 1823 certo
682 1754 804 1822 dicere.

121 1849 345 1924 Solummodo
359 1859 502 1928 deorum
516 1861 664 1950 aliquem
678 1859 878 1928 conjicimus
892 1857 1026 1926 malum

120 1954 267 2044 Propter
282 1983 379 2028 sacra
392 1944 517 2030 iratum
531 1963 808 2034 Phoroneusibus
822 1957 1014 2028 immisisse.

123 2059 251 2127 Omnes
268 2062 358 2130 enim
375 2064 488 2132 Piseos
504 2067 691 2151 inundans,
713 2086 774 2132 ceu
788 2061 925 2148 fluvius,

119 2162 190 2230 Leo
207 2164 340 2232 assidue
359 2169 529 2253 vastabat,
551 2169 768 2256 maximeque
779 2166 1024 2251 Bembinaeos,
1198 2254 1202 2262 Ι

121 2249 200 2354 Qui·
208 2289 313 2356 prope
329 2293 408 2336 eum
421 2271 632 2354 habitabant,
654 2268 878 2338 intolerabilia
891 2267 1117 2356 perferentes.

121 2367 195 2436 Hoc
209 2371 292 2436 mihi
307 2371 456 2460 primum
472 2385 645 2440 certamen
661 2370 907 2464 perficiendum
918 2369 1147 2446 mandaverat

117 2471 345 2560 Eurystheus:
367 2469 1207 2564 cupiebatenim,vtmeinterficeret’saevabeetiat'

116 2573 192 2659 Ego
207 2575 336 2662 itaque,
358 2589 472 2644 sumto
486 2577 628 2644 flexibili
646 2599 728 2697 arpu
744 2595 895 2663 ceraque
905 2573 1078 2666 pharetra,
1138 2673 1141 2680 Ι

126 2744 336 2771 m·-

184 2837 223 2898 ab
239 2840 354 2903 Inachi
371 2841 457 2920 filio,
487 2843 679 2920 Phoroneo,
710 2839 801 2906 dieti.
827 2874 872 2888 ·-
890 2839 946 2906 Vs.
963 2857 1030 2906 201·
1046 2839 1193 2922 Hermiae

183 2939 233 2986 est
260 2925 295 2986 in
328 2943 468 3010 quatuor
491 2927 561 2994 cdd.
586 2927 616 3008 γ’
635 2927 678 3006 ὥς
698 2950 758 3012 pro
781 2923 825 3005 ὥς
845 2927 883 2988 in
906 2923 1045 2989 duobus.
1074 2929 1194 2990 Kiaaet.

183 3010 317 3096 „Vulgo
341 3013 388 3073 sic
404 3013 637 3101 distinguiturr
672 3009 803 3089 Hdnoc
816 3008 877 3099 reip
892 3012 1035 3093 Πισῆας,
1058 3009 1192 3092 lumlei-
1236 3039 1242 3052 ·

182 3099 240 3172 ζων
253 3096 391 3180 ποταμός
404 3099 457 3176 o‘ic,
481 3105 577 3178 Ater‘
604 3099 746 3182 Selenes.-
758 3131 803 3150 -
824 3097 878 3162 Vs.
888 3115 960 3162 20².
971 3102 1194 3183 Bepssrenlooc.

182 3181 271 3264 quod
292 3204 351 3268 pro
366 3190 502 3270 vulgato
523 3189 746 3268 Βεμβινιαίους
766 3184 828 3244 iam
845 3181 1001 3245 Valcken.
1023 3197 1100 3267 poet
1122 3183 1191 3246 Sal·

180 3267 316 3328 marium
331 3269 495 3346 restitnit,
518 3271 617 3332 estin
634 3270 760 3354 aliquot
773 3267 861 3346 cdd,
893 3268 929 3328 ia
942 3287 1008 3330 vno
1018 3275 1191 3368 βεμβικι-

180 3375 279 3430 ουους.
300 3352 376 3417 vid.
392 3359 500 3418 locum
522 3353 668 3430 strabon.
690 3355 789 3430 VIH,
821 3351 851 3418 6.
873 3353 903 3436 tl.
929 3369 943 3412 1
997 3367 1132 3416 citatum
1147 3351 1189 3422 ad

178 3457 261 3582 epple.
276 3437 343 3524 169·
364 3439 623 3584 etlHolstenium
644 3438 685 3502 ad
704 3438 859 3523 Stephon.
875 3457 908 3522 p.
924 3373 1104 3523 δξὸμοτος
1119 3435 1187 3502 duo

180 3541 198 3582 0
245 3567 253 3584 .
297 3528 415 3586 Kirra.

135 3605 209 3672 205·
231 3605 395 3695 ᾰγχίμοροι
409 3633 491 3674 vnue
514 3609 563 3674 cd.
584 3609 656 3674 edd.
671 3611 752 3678 Call.
772 3613 862 3674 lunt.
880 3623 915 3672 et
928 3607 1041 3672 lleirlt.
1058 3606 1115 3696 qui
1136 3608 1186 3669 in-

180 3701 392 3774 terpretatur:
424 3697 481 3781 qui
496 3697 617 3759 habent
630 3695 729 3782 μόραν
744 3696 777 3760 h.
794 3717 822 3758 e.
837 3694 935 3777 δῆμον
941 3741 952 3774 ,
978 3709 1098 3758 sortem
1116 3689 1187 3838 agii

181 3777 250 3854 sui,
295 3774 358 3838 sibi
382 3781 588 3860 attributam,
636 3781 738 3866 probe
767 3781 852 3842 illos.
879 3777 1040 3866 eiyaelpoloe
1071 3777 1126 3840 Ste

174 3861 287 3924 Valch.
307 3863 381 3939 alii,
415 3862 578 3950 ἀγχίμολον
597 3866 739 3928 Brunch.
767 3866 897 3951 ἄγχιστα
918 3859 1090 3950 ueterem
1139 3880 1184 3922 ¹¹⁰

178 3945 249 4010 cdd.
265 3970 307 4010 ex
322 3948 620 4033 interpretamento.
662 3953 778 4014 Kiersl.

132 4033 206 4098 205.
233 4033 304 4098 206.
326 4033 518 4098 Schaeferue
538 4035 578 4098 ad
597 4059 642 4098 rr.
656 4034 708 4122 47.
730 4036 811 4096 citat
825 4031 979 4120 Sophocl.
994 4030 1135 4094 Philoct.
1151 4049 1185 4092 r.

176 4115 260 4184 618⁸
286 4165 292 4180 .
309 4115 387 4201 κάρα
406 4125 534 4204 Pellem
545 4123 648 4206 ἐφεῖτο
660 4123 704 4205 τῷ
718 4123 852 4189 θέλοντι.
864 4119 923 4181 vbi
937 4103 1182 4184 v.Brunck.lu·

174 4203 225 4267 fra
335 4225 389 4268 .v.
402 4204 433 4270 5.
451 4203 482 4270 6.
494 4207 606 4291 'Aroe
630 4203 745 4307 to'e'rls
765 4205 841 4294 πρός
863 4199 962 4274 cirris
977 4199 1100 4281 Ἕταξε
1119 4193 1181 4281 ῐῦἶθ
