2816 5014
263 467 579 534 runocnrrr
605 427 938 536 rnrncrour.
1085 473 1124 556 ⁵⁷

15 645 16 700 l
101 638 247 728 incipito
259 637 468 721 bucolicum,
488 639 606 708 Museo
619 649 733 720 csr'sc,
753 639 892 732 incipite
906 635 1068 715 carmon.

15 769 16 774 ¹
65 741 192 808 hlulmc
219 741 291 808 eius
310 741 352 808 ad
375 741 477 828 pedes
491 765 633 826 vncosc,
654 743 754 810 multi
766 743 851 810 item
866 747 969 830 nuri,

14 927 15 930 Ἴ
63 844 189 910 Multae
212 844 315 910 etism
328 844 492 910 iuvencae
505 855 541 910 ct
552 844 682 912 vitulae
694 848 867 924 locarunt.

98 947 245 1036 incipite
268 946 477 1029 bucolicum,
498 949 616 1014 Musae
638 971 752 1030 cuce,
773 949 909 1040 incipito
923 973 1072 1028 carmon,

60 1047 163 1116 Venit
183 1049 378 1116 Mercurius
399 1047 531 1137 primus
547 1051 589 1116 dc
601 1063 718 1118 monte
734 1052 903 1138 dixitque,
923 1053 1072 1143 Daphni,

13 1152 14 1190 ἒ
61 1149 141 1239 Quis
157 1161 193 1216 ιε’
207 1150 367 1220 conficit?
388 1173 509 1238 quem,
529 1177 550 1220 o
565 1153 668 1237 bone,
689 1155 772 1222 sdco
787 1153 907 1220 ardes?
970 1151 977 1166 '
1090 1155 1092 1162 '

97 1251 240 1342 incipite
250 1252 460 1334 bucolicum,
481 1255 600 1322 Musae
611 1279 728 1338 carae,
748 1255 884 1344 incipite
899 1279 1048 1326 carmon.
1117 1299 1121 1308 ·

61 1356 229 1424 vaserunt
243 1356 398 1439 bubulci,
417 1367 585 1447 pastores,
606 1358 754 1446 caprarii
768 1372 947 1434 venerunt.

61 1511 265 1532 m

114 1615 246 1704 δάμαλις
269 1619 457 1686 discrimen:
482 1643 524 1686 ex
546 1619 762 1707 Aristophane
774 1627 847 1708 sript
858 1620 1028 1707 ὀνομασίας
1039 1625 1110 1704 ἧχι.

114 1707 193 1772 :sois
208 1703 288 1770 hoec
301 1707 397 1768 etism
413 1723 565 1790 excerpts
575 1712 729 1793 leguntur
742 1709 829 1794 spud
843 1708 992 1770 Eustath.
1009 1711 1107 1776 Hom.

116 1787 181 1854 Od.
198 1819 222 1856 s.
238 1812 271 1875 p.
285 1790 360 1868 350,
375 1814 404 1868 7.
423 1793 515 1858 Bonis
525 1825 566 1844 ·-
586 1795 702 1877 inipso
716 1798 772 1902 pir
788 1803 819 1860 ol
831 1797 937 1860 teleto·
952 1798 1004 1860 stoi
1016 1792 1107 1881 ἐνόρ-

113 1901 179 1962 χαι.
201 1887 236 1946 cl
259 1880 293 1944 δὲ
312 1873 438 1954 θήλειαι
458 1875 542 1956 Boeo
562 1875 664 1962 μόνον.
686 1905 725 1944 ss
744 1884 777 1946 δὲ
798 1880 853 1946 νεά
870 1877 1032 1960 Acusilas,
1054 1888 1107 1950 καὶ

113 1957 293 2044 assion,
320 1967 374 2028 xci
398 1959 523 2048 Μόσχοι
527 2013 540 2045 ,
569 1969 623 2032 stoi
643 1961 777 2050 Hipsee.
799 1969 853 2038 sni
874 1961 1027 2050 Ho'prsec,
1052 1971 1105 2032 stul

112 2043 288 2131 Πὸρτιιιρ.
335 2049 449 2110 Valet.
783 2129 787 2138 .

9 2225 10 2232 ἵ
77 2163 123 2230 77.
144 2147 198 2214 sirr'
211 2150 333 2236 ὄρεος(
361 2171 397 2212 ro
414 2147 532 2238 οὔρεος)
548 2151 614 2216 duo
629 2151 756 2215 codices
771 2151 858 2212 Flor.
876 2166 910 2212 et
927 2152 1107 2218 Vst.Win·

9 2235 10 2270 ³
114 2249 233 2298 terton.
258 2171 570 2300 VulchetBrunch.
601 2238 656 2298 De
671 2235 820 2299 dorismis
837 2235 871 2294 in
885 2234 948 2298 hoc
962 2257 1055 2298 versu
1072 2260 1103 2302 r.

114 2323 250 2404 Gregor.
274 2319 350 2383 Cor.
373 2319 413 2382 de
425 2321 517 2392 Disl.
530 2343 564 2406 p.
582 2320 679 2408 196.s
704 2317 839 2403 .ihiqnc
851 2321 956 2382 licen.
971 2323 1103 2388 Mercu·

112 2403 179 2466 rins
205 2423 285 2467 vero
307 2404 356 2466 vti
375 2405 462 2467 inter
482 2411 657 2490 pectorales
682 2343 759 2468 ieos
784 2405 908 2488 primus
931 2404 1102 2490 dignitate,

114 2487 160 2550 its
175 2488 231 2550 his
246 2489 351 2572 primo
360 2494 434 2552 loco
448 2491 594 2573 ponitur.
616 2490 783 2554 Diodorus
791 2503 896 2550 temen
906 2489 1035 2552 Siculus
1044 2491 1100 2554 IV.

114 2595 181 2656 cap.
197 2572 251 2638 84.
266 2596 300 2656 p.
314 2573 387 2650 527.
411 2587 444 2634 et
467 2569 636 2650 Donslus,
660 2589 715 2635 aut
738 2574 885 2658 quisquis
905 2589 1017 2636 auctor
1033 2575 1103 2636 fue·

111 2657 167 2733 rit,
193 2657 227 2717 in
246 2659 314 2719 vitu
328 2657 462 2741 Virgilii
471 2679 502 2740 p.
520 2659 734 2722 CLXXVIII.
749 2673 828 2719 tom.
843 2658 870 2720 I.
886 2656 936 2720 ed.
952 2679 1014 2719 sec.
1030 2658 1104 2719 Vir·

112 2743 167 2827 gil.
183 2744 295 2825 Hcyn.
316 2743 519 2804 Siciliensem
533 2741 694 2825 Daphnin
708 2741 870 2802 Mercurii
884 2740 986 2802 hlium
1002 2740 1104 2802 fuisse

112 2825 253 2889 tradunt
277 2831 375 2890 Harl.
398 2830 453 2888 De
467 2827 634 2890 Mercurio
647 2823 861 2910 pastoralibus
874 2823 937 2888 diis
951 2827 1102 2886 eunucho·

110 2927 181 2972 rato
203 2911 284 2972 haec
303 2917 376 2976 locs
396 2912 563 2974 Isocbsius
587 2914 682 2974 citet:
711 2909 854 2974 Leonid.
877 2911 949 2970 Ter.
970 2911 1031 2995 Ep
1051 2928 1100 2988 27.

109 2997 311 3058 Hermocrst.
332 2999 395 3080 Ep.
417 3015 448 3060 o.
476 2996 607 3059 Amsld.
631 2997 670 3060 de
687 2995 765 3060 Diis
778 2994 897 3056 Assess.
913 3017 943 3077 p.
965 2993 1033 3072 157.
1056 2993 1100 3054 ei·

109 3079 247 3163 demque
267 3103 372 3144 sermo
392 3081 552 3144 Mercurii
572 3101 738 3164 expressus
755 3099 823 3142 osso
838 3079 968 3140 videtur
980 3099 1020 3142 ex
1034 3099 1101 3138 oar·

107 3166 194 3227 mine
208 3164 357 3248 Sapphus
370 3187 420 3250 sp.
434 3166 538 3228 Dion.
553 3167 658 3228 Halic.
673 3165 763 3226 Τ.Π.
780 3187 812 3247 p.
823 3162 923 3226 26.-·
943 3161 1099 3226 Valcken-

108 3263 236 3326 mouot,
260 3249 346 3332 pstri
369 3250 477 3312 minus
500 3251 676 3312 convenire
699 3247 799 3310 illud:
829 3253 925 3326 τίνος,
946 3243 972 3312 oi
997 3241 1097 3330 ’γαθέ1

107 3331 215 3399 soncos
233 3333 376 3418 ἴρασσαι.
398 3335 574 3411 Picrsono,
600 3335 653 3396 cui
675 3331 771 3416 ὄρεος
793 3349 976 3414 suspectum
999 3345 1094 3406 esset,

107 3417 196 3500 quod
217 3439 280 3481 neo
298 3419 485 3482 Valchcnsr.
507 3425 602 3502 plane
614 3419 746 3501 probat,
769 3415 890 3502 siponi
906 3419 941 3477 in
956 3431 1096 3478 mentem

107 3504 209 3566 venit.
253 3504 300 3566 At
318 3519 406 3566 recte
426 3503 550 3566 Incobs.
574 3504 610 3564 in
631 3501 801 3569 Animadv.
820 3505 853 3562 in
867 3503 971 3564 Germ.
988 3499 1095 3561 Theo·

109 3587 184 3667 criti
199 3588 383 3672 praemissis
399 3585 477 3650 edit.
489 3588 604 3652 Bionis
621 3603 654 3650 et
667 3585 800 3648 Moschi
814 3609 846 3670 p.
864 3587 922 3650 VI.
939 3585 1094 3668 interpre-

108 3689 195 3734 tatur
216 3695 253 3732 sx
274 3676 388 3747 silvis,
412 3671 445 3734 h.
464 3693 491 3734 c.
514 3673 649 3761 pascuis.
663 3707 706 3718 -
720 3673 882 3756 Ἔρασσαι
899 3671 951 3752 (ab
966 3669 1094 3754 ἔριῖμαι)

106 3773 192 3820 recte
216 3757 419 3840 Stephanus,
443 3777 538 3839 quom
556 3766 623 3819 hon
644 3755 786 3818 dcserere
808 3755 966 3818 debebant
981 3753 1095 3819 Rcislt.

109 3844 191 3926 (qui
212 3841 327 3927 ἔρασω
338 3842 492 3925 reliquit)
508 3855 542 3904 et
554 3841 697 3904 Bruncls.
717 3847 730 3918 (
741 3841 797 3924 qni
813 3840 942 3924 scripsit
954 3841 1094 3922 ἕρᾶοαι).

103 3923 256 4012 'Epoispcs
276 3947 401 4010 semper
421 3927 546 4010 passivo
566 3926 705 3988 dicitur:
728 3925 806 3986 hinc
828 3939 976 4010 suspects
990 3939 1038 3987 est
1052 3929 1097 3984 le·

108 4015 173 4074 ctio
188 4013 256 4074 loci
272 4011 367 4094 Idyll.
383 4012 428 4086 II,
450 4009 516 4096 149.
539 4067 541 4074 ,
560 4014 675 4074 Kiessl.

68 4114 118 4179 to.
139 4117 296 4199 Compare
310 4116 427 4201 Virgil.
445 4117 513 4174 Ecl.
522 4115 564 4190 X,
582 4133 629 4198 19·
651 4115 759 4181 Boiccu
772 4127 878 4176 sutem
893 4111 1019 4191 (dorice
1036 4131 1096 4192 pro

111 4204 232 4285 βοίπι)
253 4203 323 4264 sivc
345 4195 503 4282 βουκόλοι,
527 4200 669 4275 bubulci,
699 4199 917 4262 honestissimi
937 4195 1098 4258 habeban-
