2872 5018
281 483 586 555 ruuoeurrt
613 483 886 552 rnrccrou
905 439 1005 552 ‘vri
1115 486 1175 552 ssa

109 653 154 721 ln
180 653 291 741 opacis
309 653 509 722 ramusculis
530 655 758 725 ardentioulas‘

111 755 260 822 Cicadae
277 758 407 844 garrire
427 757 616 826 certabant:
642 759 783 826 etvlula

109 857 142 926 E
158 860 338 948 longinquo
354 861 390 926 in
411 861 522 928 dentis
544 861 709 930 ruborum
723 860 826 952 spinis
840 860 1011 930 stridebat.

110 959 304 1028 Cantabant
317 964 456 1030 cassitae
471 973 505 1028 et
516 961 707 1048 cardueles,
728 963 883 1050 gemebat
898 976 1024 1036 turtur.

109 1063 305 1132 volitabant
326 1065 437 1132 flavae
459 1064 547 1144 circa
571 1064 683 1132 fontes
711 1087 801 1152 apes.
1150 1145 1155 1156 ,

109 1166 240 1232 Omu'ia
269 1168 463 1237 redolebant
491 1179 651 1234 aestatem
681 1169 848 1257 opimam,
891 1167 1089 1238 redolebant
1109 1193 1174 1236 au·

692 1281 882 1338 ctumnum.

109 1367 191 1434 Pira
211 1369 253 1436 ad
274 1375 394 1462 pedes.
430 1373 474 1440 ad
499 1373 607 1440 latera
627 1373 719 1439 mala

1 1491 2 1560 Ρ
105 1471 266 1559 Largiter
283 1476 380 1542 nobis
403 1473 649 1558 volvebantur:
684 1485 719 1540 et
735 1473 833 1542 effusi
849 1487 946 1544 erant
999 1475 1007 1484 '

106 1574 210 1640 Rami
232 1581 352 1664 prunis
372 1579 505 1668 gravati
525 1581 561 1646 iu
583 1589 720 1644 terram.
753 1587 756 1592 '

15 1729 26 1756 ,
110 1675 305 1766 Quadrima
326 1706 348 1748 a
368 1681 537 1750 doliorum
558 1677 687 1786 orificio
708 1677 918 1748 reliuebatur
940 1680 1054 1764 litura·
1158 1761 1162 1768 ¹

109 1860 321 1881 m

178 1955 413 2036 attoariorum
426 1971 555 2038 quoque
568 1939 725 2014 dedimus.
746 1951 786 2012 Ic
800 1943 927 2013 duobus
936 1950 1007 2014 cdd.
1023 1966 1072 2015 est
1085 1959 1174 2022 πλευ·

178 2038 275 2116 ooiot,
297 2037 380 2100 etin
395 2057 462 2099 vno
477 2043 604 2120 nepeta
620 2037 721 2120 prima
735 2057 842 2101 manu.
885 2039 1001 2098 Kiescl.

132 2135 207 2199 145.
234 2139 296 2200 Pro
317 2139 415 2221 ἄμμιν
436 2137 624 2200 volentibus
647 2137 801 2200 Valcken.
822 2155 854 2201 et
877 2137 1004 2201 Graefio
1026 2139 1173 2206 dedimus

181 2221 271 2306 cipis,
292 2237 331 2284 vt
352 2245 383 2282 v.
402 2244 449 2285 lt.
474 2237 507 2284 et
528 2223 620 2285 VIII.
640 2219 686 2285 15.
711 2221 866 2285 Gerhard.
891 2223 925 2284 in
950 2225 1051 2286 Lectl
1062 2227 1172 2308 Apoll.

177 2329 208 2390 p.
230 2329 297 2386 117.
317 2311 441 2368 mavult
455 2307 541 2390 ὕμιν.
563 2341 605 2354 -
626 2310 660 2373 dd
678 2309 803 2391 κέχυντο
822 2307 893 2370 cdd.
907 2307 991 2392 Aug.
1007 2323 1039 2370 et
1054 2309 1171 2375 Schell.

177 2391 255 2454 item
266 2391 332 2455 duo
349 2393 407 2452 alii
428 2391 516 2475 apud
531 2391 694 2454 Gaisford.
716 2427 760 2443 -
780 2395 834 2453 De
848 2415 920 2455 voc.
934 2393 1067 2476 δαψιλής
1083 2399 1170 2461 conf.
1195 2455 1200 2462 .

176 2477 306 2539 Ernesti
330 2475 372 2537 ad
389 2476 575 2538 Callimach.
590 2478 634 2542 H.
649 2477 685 2536 iu
699 2479 776 2542 Del.
793 2479 862 2542 115.
905 2481 1022 2543 Kiessl.
1067 2503 1074 2518 ·

131 2595 205 2662 146.
229 2597 341 2658 Citant
356 2595 444 2656 hune
458 2583 584 2658 versum
594 2597 801 2678 Etymologus
815 2596 850 2655 in
862 2594 1025 2678 Βράβηλα,
1051 2599 1172 2662 Susidas

173 2684 211 2743 in
225 2681 377 2766 Βράβυλα
398 2696 432 2743 et
445 2682 631 2742 Athenaeus
644 2681 687 2742 H.
704 2702 736 2765 p.
752 2682 804 2744 50.
820 2681 860 2743 A.
881 2715 926 2730 -··
944 2680 1111 2764 dedvlu,
1133 2686 1173 2752 πὶ

174 2771 284 2844 masuic
306 2763 501 2848 κοκκύμηλα,
528 2766 624 2850 ἤγουν
647 2762 834 2848 δαμασκηνᾶ.
864 2765 973 2828 Schol.
1003 2766 1070 2834 vid.
1083 2772 1171 2834 Port.

175 2855 257 2918 Lex.
278 2856 365 2915 Dor.
388 2873 460 2912 voe.
484 2851 584 2938 ἅρπαξ
605 2852 747 2938 (deaut),
780 2851 901 2912 Suidas
923 2849 955 2911 h.
968 2873 997 2910 v.
1019 2855 1079 2916 lac.
1095 2855 1170 2918 Nic.

176 2939 318 3002 Loensis
339 2935 510 3086 Epiphyll.
524 2937 579 3000 tx.
607 2957 655 3000 12.
679 2937 725 3018 [et
746 2935 828 3000 Bod.
846 2958 864 2998 a
881 2937 991 3019 Stapel
1005 2935 1045 2997 ad
1065 2937 1171 3003 Theo·

174 3023 298 3108 phrast.
311 3045 345 3107 p.
360 3023 394 3086 31
425 3069 432 3084 .
457 3023 594 3104 Schreb]
626 3023 724 3083 Harl.

131 3125 206 3202 147·
230 3131 316 3194 nidos
332 3147 375 3188 ex
388 3121 592 3222 Ottob.Reg.
607 3123 708 3186 Paris.
720 3139 753 3186 et
767 3145 833 3186 vno
848 3145 889 3188 ex
903 3123 1066 3186 Caesareis
1081 3125 1172 3190 dedit

175 3212 317 3272 Bruuck.
334 3225 367 3272 et
384 3209 474 3270 itale
498 3209 524 3268 it
536 3223 631 3269 etram
648 3208 712 3270 Gre
735 3231 782 3271 or.
800 3209 873 3270 Cor.
887 3215 916 3287 0.
934 3227 985 3292 90.
1000 3229 1032 3292 Ρ.
1051 3209 1173 3275 tud-z.-

176 3297 249 3379 275.
263 3295 428 3380 (advquem
442 3231 508 3353 vid.
517 3308 611 3355 notes
624 3315 677 3354 vv.
686 3231 771 3378 dd),
796 3293 852 3377 qui
866 3291 1019 3376 recedatur
1029 3294 1083 3379 (ab
1093 3296 1170 3374 ἔνος,

176 3389 294 3460 acmes)
308 3377 620 3463 procsrpusrdrponi
635 3377 744 3440 tradit.
767 3378 950 3439 Brunckius
964 3401 1054 3457 vero,
1065 3405 1171 3456 vnum,

178 3466 299 3549 inquit,
323 3467 466 3524 convivia
480 3463 686 3544 depromere
700 3465 818 3524 cadum
831 3467 973 3542 sufficere
987 3467 1101 3528 debuit.
1134 3469 1173 3528 Si
1277 3509 1281 3520 .

173 3553 280 3632 plum
293 3551 379 3609 relr'ti
388 3549 548 3630 fuissent,
571 3549 640 3608 idco
654 3549 779 3630 suisset
789 3549 935 3631 factum,
955 3555 1033 3630 quia
1047 3551 1173 3614 diversa

170 3636 319 3720 fuissent
332 3639 419 3695 vina.
462 3635 510 3693 At
528 3656 606 3693 eane
618 3637 726 3694 omnia
743 3635 938 3716 quadrima?
965 3635 1056 3696 Bene
1075 3652 1108 3698 et
1123 3639 1173 3696 in·

180 3719 310 3804 geniose
333 3717 478 3804 quidem:
512 3733 545 3778 at
572 3717 607 3778 iu
630 3717 777 3780 oratione
802 3719 927 3802 vulgari
950 3733 983 3780 et
1007 3721 1042 3780 iu
1064 3720 1171 3782 medio

140 3863 150 3875 ,
183 3805 273 3888 quasi
286 3805 411 3888 posita,
436 3802 528 3864 carius
546 3803 688 3865 indolem
703 3817 736 3864 et
748 3803 906 3866 rationem
924 3818 1058 3886 poetae,
1083 3827 1173 3887 prae·

183 3889 276 3972 cipue
290 3887 446 3963 bucolici,
470 3888 564 3994 sepui
577 3894 692 3964 solent,
716 3887 777 3950 ista
791 3887 954 3950 subtilitas
970 3909 1036 3951 uon
1052 3889 1173 3973 ubique

181 3988 397 4050 servatum·—
416 3970 567 4048 inclusae
584 3977 660 4057 (pro
680 3978 812 4057 vulgato
834 3972 995 4048 dcctdsto,
1018 3973 1105 4057 quod
1128 3989 1173 4035 et·

184 4058 245 4117 iam
258 4058 433 4143 Gregorius
450 4057 561 4137 babet)
583 4080 624 4120 ex
646 4057 772 4120 duobus
785 4057 856 4120 cdd.
874 4061 1016 4120 Floreut.
1037 4057 1172 4144 (quibus

183 4156 301 4224 septem
329 4142 386 4203 alii
415 4141 501 4225 apud
523 4142 688 4206 Gaisford.
713 4141 890 4222 accedunt)
918 4143 1080 4224 rescripsit
1101 4164 1172 4202 cum

182 4227 378 4311 lloppiersio
393 4227 431 4288 in
449 4226 541 4294 Obss.
560 4227 678 4313 philol.
692 4249 725 4311 p.
742 4225 792 4304 55.
813 4242 846 4290 et
857 4227 1024 4302 Brunclrio
1040 4223 1174 4290 Valcke-
