2942 5014
516 235 524 277 I

237 464 543 534 THEOCRITI
570 463 844 528 IDYLLION
879 469 1042 548 xxvss.
1108 481 1172 567 725

104 741 254 808 Parasua
267 737 354 806 mihi
372 633 760 906 ὡώωοξὶἓέεὲεὲῑ
773 737 912 810 domum
927 754 959 810 et
971 743 1127 814 stabula?

104 947 195 1014 Paro
213 943 278 1012 tibi
292 944 473 1028 thalamos,
495 943 623 1027 hosque
636 887 756 1028 greges·
765 943 852 1012 bella
866 967 975 1034 pascu.

526 1044 660 1113 PVEL
670 1047 697 1112 L
706 1044 745 1114 A.
822 1085 825 1092 .

105 1148 269 1238 Patrique
283 1147 356 1216 aeui
369 1146 541 1236 quidnam,
564 1144 645 1232 quid
665 1146 798 1216 diuam?

512 1247 755 1317 DAPHNIS.

105 1350 266 1420 Probabit
278 1363 378 1420 tuum
391 1351 618 1432 connubium,
641 1352 700 1420 vbi
710 1375 830 1420 meum
847 1373 974 1420 nomen
989 1356 1166 1426 audiverit.

104 1555 241 1626 Nomen
253 1569 353 1624 tunm
366 1555 450 1625 illud
464 1453 661 1626 dioidiidi
670 1453 805 1638 IiioArirerr
817 1580 916 1647 saepe
933 1557 1084 1628 delectat.
1169 1531 1170 1534 Ἴ

516 1659 760 1728 DAPHNIS.
782 1752 786 1758 .

105 1759 257 1848 Daphnis
273 1781 333 1847 ego
350 1779 469 1845 vocor,·
486 1761 627 1852 Lycidas
643 1757 751 1850 pater,
774 1771 808 1826 et
822 1773 930 1829 mater
944 1763 1102 1834 Nemaea.

105 1959 161 2027 Ex
174 1961 340 2030 nobilibus
355 1987 407 2032 es:
430 1978 466 2032 at
480 1865 556 2032 nori
564 1863 856 2042 iiiiiiriddeterior.

516 2068 757 2140 DAPHNIS.

104 2159 222 2250 Neque
235 2188 367 2234 summe
379 2168 559 2264 honorata:
581 2193 662 2238 uam
672 2184 771 2260 pater
786 2169 845 2236 tibi
861 2180 911 2235 est
924 2169 1102 2240 Menalcas.
1125 2247 1128 2252 ,

111 2331 318 2355 ———

129 2421 181 2496 58.
203 2449 267 2505 aar,
290 2427 376 2510 quod
391 2387 586 2512 {stephano
603 2443 661 2504 eat,
686 2451 756 2491 cum
765 2427 930 2492 Bruuckio
945 2427 1168 2492 servavitVal·

172 2507 351 2570 chartarius.
379 2517 438 2593 μὲν
467 2513 540 2574 edd.
562 2527 643 2576 vett.
664 2513 748 2575 vnde
770 2513 889 2575 Reislse
909 2539 967 2596 μευ
988 2513 1110 2575 effecit'
1125 2549 1169 2564 —

161 2595 273 2676 ,irruet
296 2595 435 2659 Brunck.
466 2601 564 2660 Harl.
611 2597 720 2658 Etiam
741 2599 916 2660 Hermann.
943 2596 983 2657 ad
1003 2597 1113 2681 Viger.
1134 2622 1167 2683 p.

173 2677 244 2760 925.
262 2692 371 2739 tuetur
389 2707 450 2748 κεν.
493 2685 634 2756 ΚίεεεΙ.,

134 2795 175 2886 59
194 2837 238 2850 -
258 2800 309 2866 41.
340 2809 465 2885 αἰνησεῖ
482 2845 525 2858 -
546 2823 611 2886 ter,
650 2808 753 2889 drapo
775 2841 816 2856 -·
838 2803 947 2895 οἷκοίσῃ
966 2842 1009 2857 -·
1029 2803 1105 2891 r’ydr
1125 2843 1170 2860 -

172 2883 270 2971 mitro
285 2892 319 2955 δὲ
331 2899 458 2974 Napata
473 2894 612 2957 Brunch.
629 2890 731 2976 μάτηρ
749 2895 783 2959 δὲ
797 2897 925 2976 Napata
941 2913 1000 2974 pro
1017 2893 1117 2978 μήτηρ
1135 2897 1169 2962 dd

170 2978 296 3055 Νομαίη
312 2977 437 3061 recepit
458 2977 612 3041 Valcheu.
657 2978 755 3038 Harl.
1182 2990 1186 3007 '

133 3070 185 3136 42.
206 3072 260 3138 45.
290 3074 363 3160 ἔμμι
382 3111 426 3128 -
443 3085 491 3146 riv
507 3084 662 3146 ἰντὶΜεν.
680 3077 821 3140 Brunak.
844 3109 887 3128 --
909 3083 990 3140 Tum
1010 3081 1108 3164 vulgo
1123 3085 1168 3142 le·

175 3159 262 3244 gitur
274 3161 337 3226 odd
347 3165 428 3246 ἄκρα
436 3163 591 3248 τιμήεσσα,
599 3186 698 3246 neque·
706 3185 823 3224 summa
835 3185 866 3224 ea
879 3165 1054 3224 honorato:
1080 3163 1169 3246 quod

116 3295 123 3304 .
174 3243 302 3326 quidam
317 3249 410 3310 valde
431 3251 624 3312 inurbanum
639 3263 735 3330 atque
749 3247 914 3308 inficetum
929 3246 1064 3330 prodere
1079 3247 1168 3309 vide·

173 3339 226 3388 tur
244 3345 433 3409 amatorem
465 3355 561 3418 quare
581 3335 644 3395 iam
660 3332 836 3394 Palmariua
853 3330 1166 3418 (Exe1·cit.p.814.),

172 3411 267 3514 siguo
289 3415 551 3502 interrogationis
574 3420 698 3502 posito,
723 3416 804 3478 bene
826 3417 921 3500 legit:
945 3415 1000 3482 οὐκ
1020 3417 1100 3496 ἄκρα
1120 3445 1169 3483 τι-

172 3519 310 3577 μηεσσας
334 3523 433 3564 nonne
444 3527 475 3564 es
492 3525 609 3564 summa
619 3503 800 3564 honorata?
820 3515 851 3560 et
860 3515 954 3580 pater·
968 3501 1029 3560 tibi
1043 3505 1169 3561 eatM'e-

173 3584 296 3644 naloas.
338 3587 476 3665 laetate,
501 3609 596 3672 quem
619 3599 771 3671 sequutus
795 3599 844 3648 eat
864 3585 1004 3648 Bruuck.
1028 3586 1168 3646 correxit

173 3661 238 3732 οὐδ’
250 3667 301 3748 ἄρ’
316 3665 497 3751 α’τιμήεσσα.
519 3695 614 3753 nequa
626 3674 713 3733 nullo
721 3693 813 3750 panea
826 3691 872 3730 me
884 3675 920 3730 in
934 3671 1057 3730 honore.
1075 3681 1168 3750 pater

115 3809 120 3818 ,
173 3755 256 3810 euim
275 3753 336 3810 tibi
349 3759 515 3820 Menalcae
530 3771 593 3818 eat:
615 3757 806 3839 indignante
821 3754 1034 3817 Valckenario
1056 3753 1096 3816 ob
1120 3773 1168 3813 re·

174 3849 299 3917 ceptam
323 3857 434 3900 vocem
457 3862 523 3903 uou
546 3863 698 3927 graecam.
722 3837 818 3899 Harl.
861 3839 915 3898 De
936 3838 1040 3898 forma
1058 3835 1168 3918 εὐηγε-

117 3979 121 3988 ,
174 3923 261 3993 νέων,
286 3940 349 4004 qua
372 3923 474 3984 vtitur
498 3927 593 3986 etiarn
610 3928 741 3988 Homer.
756 3921 850 3984 Iliad.
865 3922 986 3986 XXIII.
1003 3929 1064 3994 81„
1080 3921 1167 3982 conf.

176 4003 317 4070 Fischer.
348 4005 388 4066 ad
410 4009 545 4074 Weliar.
567 4011 593 4072 I.
616 4033 647 4092 p.
661 4018 712 4084 87.
742 4043 785 4056 --
815 4005 866 4066 Ad
893 4007 1018 4087 reliqua
1043 4005 1168 4066 confert

115 4147 118 4156 ,
174 4090 323 4170 Toupiua
346 4091 439 4154 Iliad.
464 4119 495 4156 α.
520 4097 588 4160 114·
609 4129 652 4144 -
674 4092 794 4156 Stroth.
816 4091 960 4152 coniecit
979 4085 1015 4154 tri
1033 4086 1058 4154 δ’
1078 4087 1168 4170 ἄκρα,

174 4171 260 4258 quod
281 4175 396 4255 probat
423 4176 635 4243 Biudemaua.
660 4177 821 4242 Iacobaius
843 4191 876 4236 et
898 4174 1013 4236 Thous.
1035 4173 1166 4258 Briggs:

722 4263 775 4327 Zz
799 4279 816 4321 2
