2962 5020
274 461 338 536 514
430 447 742 533 anarrinon
779 458 1089 529 marmora
1126 453 1175 542 ιη’.-

281 640 415 737 Πιείρᾳ
431 633 572 733 μεγάλοι
588 631 644 708 ἅτ’
658 630 840 730 ἀνέδραμε
855 627 989 727 κόσμος
1002 629 1145 735 ἆροῦρᾳ

275 747 340 820 Ἢ
348 739 448 838 ποίπῳ
464 733 702 836 κυπάρισσος,
726 737 752 834 ἢ
768 735 909 835 ἅρματι
925 733 1105 820 Θεσσαλοῖς
1120 747 1238 827 ἵππος·
1290 751 1342 823 50

286 912 478 930 Μ

347 999 382 1072 ἱοΙ
402 996 466 1058 hoc
485 1012 589 1058 tamen
609 1013 627 1056 a
646 991 717 1057 Viri
735 991 850 1053 summi
865 994 1025 1056 sententia
1045 994 1188 1077 discedo,
1210 1014 1247 1063 vt
1261 1001 1341 1065 scri·

346 1082 487 1146 bendum
499 1081 609 1164 potius
623 1101 690 1140 esse
704 1098 848 1140 censeam

447 1178 503 1238 aivis
516 1174 667 1236 simileid
678 1174 728 1234 iias
742 1175 828 1232 selda
842 1177 923 1249 ἔφηνε
933 1175 1084 1252 πρόσωπον

447 1249 504 1306 stris
514 1246 565 1303 adr
574 1242 662 1313 viss',
679 1243 777 1315 ir'laus.
792 1274 827 1286 -

348 1337 487 1404 Verbum
500 1339 668 1416 διαφαίνειν
683 1334 718 1394 in
731 1335 861 1416 vulgata
881 1335 1024 1399 lectione
1037 1359 1121 1401 rers.
1140 1341 1259 1424 prioris
1273 1347 1344 1406 ’mi-

346 1425 432 1486 nime
446 1421 615 1494 convenit3
644 1439 716 1480 nam
739 1437 852 1477 eurora
868 1438 934 1479 non
947 1438 1145 1502 pernoctem
1165 1429 1256 1512 quasi
1274 1435 1345 1512 pel·

346 1516 434 1573 lucet
446 1521 478 1568 et
493 1503 667 1587 conspicua
684 1516 750 1577 est,
773 1513 809 1560 rt
820 1498 942 1562 Helena
956 1504 1041 1568 inter
1055 1515 1211 1594 aequales.
1256 1515 1345 1576 Tum

305 1592 502 1656 ..aoristum
523 1588 659 1674 requirit
688 1601 721 1647 et
741 1605 789 1646 res
809 1585 879 1667 ipsa
900 1602 933 1648 et
961 1589 1157 1672 comparatio
1180 1597 1345 1678 proxima.

346 1677 501 1760 Denique
525 1673 713 1757 particulam
734 1665 756 1748 ἢ
776 1683 934 1732 monstrat
954 1673 1032 1734 item
1047 1679 1138 1739 locus
1158 1681 1342 1761 proximus,

348 1783 454 1846 neque
482 1759 535 1825 dits
564 1762 727 1843 eleganter
757 1754 925 1838 repetitur.
967 1753 1110 1838 ’Asa'rroc
1129 1753 1273 1846 positum
1293 1781 1345 1828 est

347 1845 567 1910 intransitive:
603 1841 729 1924 quando
754 1839 888 1898 solvitur
913 1840 1014 1903 hiems
1035 1859 1137 1928 gruta
1157 1854 1225 1909 vice
1248 1856 1345 1912 veria.

291 1927 298 1936 ’
347 1933 518 2014 Comparat
532 1925 699 1988 Heinrich.
717 1927 858 2009 χεΙματος
871 1925 1041 2010 οἰχομένοιο
1053 1931 1193 2020 Meleag.
1210 1955 1237 1994 c.
1251 1931 1294 1996 11.
1314 1953 1347 1999 1.

348 2017 438 2082 Idem
458 2026 545 2076 recte
564 2010 705 2093 explicat
726 2006 833 2074 λευκᾶν
846 2007 917 2094 ἔαρ,
946 2013 1167 2092 veratridam,
1196 2020 1345 2104 quando·

349 2101 478 2188 quidem
499 2097 606 2160 omnia
626 2115 701 2158 vere
716 2093 842 2169 nitent,
874 2108 910 2154 vt
925 2098 1068 2160 οαπιίἱᾱο
1082 2121 1145 2160 ποις
1156 2123 1216 2184 pro
1231 2123 1346 2166 serena

347 2211 397 2272 ap.
412 2188 554 2330 Propert.
567 2183 609 2242 II.
629 2178 677 2325 οἳ.
695 2201 721 2242 1.
743 2176 847 2240 Aliter
859 2178 1030 2262 Spauhem·
1049 2182 1091 2244 ad
1106 2184 1233 2248 Gallim.
1247 2187 1290 2251 H.
1304 2188 1346 2251 in

348 2275 508 2336 Contu.
551 2269 670 2328 Κίοιο.
1000 2277 1003 2284 “

1470 2215 1471 2258 l

309 2332 311 2342 ,
1154 2339 1158 2346 ,
1470 2275 1471 2332 i

303 2396 353 2465 29.
377 2371 485 2434 Etiam
497 2363 532 2428 in
547 2365 611 2430 hoc
625 2385 720 2428 versu
735 2363 924 2449 interpretes
940 2366 1032 2431 valde
1047 2368 1253 2435 dissentiunt.
1263 2373 1344 2438 Vul-

289 2511 293 2518 .
345 2481 387 2547 go
404 2457 459 2518 hic
476 2469 507 2516 et
524 2453 671 2552 superior
682 2471 807 2526 versus,
831 2473 849 2512 a
868 2453 1027 2534 Stephano
1045 2457 1249 2538 potissimum
1266 2480 1342 2521 con·

344 2541 470 2618 stitutl,
500 2539 547 2600 sic
562 2550 758 2623 iunguntur:
779 2535 941 2620 daroclaer'
954 2537 1090 2641 inquis,
1114 2539 1248 2627 Πῖειροι,
1272 2551 1342 2620 (aus

342 2629 463 2712 πιείρη)
483 2623 609 2710 perdiu.
633 2620 680 2687 ἅτ’
701 2619 867 2706 ἀνέδραμεν
887 2619 979 2708 ὄγμος
991 2621 1125 2711 αρούρᾳ,
1147 2627 1169 2704 ἦ
1179 2625 1266 2711 κάπῳ
1281 2655 1342 2694 su-

342 2713 495 2800 πάρισσος
514 2723 575 2770 etc.
594 2705 650 2769 sed
670 2699 688 2772 d
706 2732 763 2789 ρος
770 2753 780 2788 ,
812 2709 920 2768 tultus
943 2705 1002 2792 [dc
1029 2731 1095 2794 quo
1115 2711 1227 2773 vocab.
1252 2713 1344 2776 conf:

343 2797 469 2864 Liebel
482 2793 521 2856 ad
535 2731 720 2853 Archiloci.
738 2812 769 2874 p.
788 2789 858 2855 208.
879 2791 937 2878 K]
953 2813 971 2852 a
986 2793 1142 2876 Calliergo
1156 2797 1340 2880 profectum

345 2885 460 2969 [etiam
482 2881 517 2939 in
532 2880 618 2939 lunt.
634 2890 732 2937 extat.
755 2871 819 2972 K]
838 2889 955 2938 temere
970 2877 1004 2937 in
1019 2894 1189 2962 sequentes
1206 2878 1278 2943 edd.
1296 2881 1339 2941 ir-

343 2967 454 3052 repsit.
473 2960 594 3046 Κόσμος
609 2973 720 3022 contra
742 2973 790 3020 est
809 2981 843 3019 sn
866 2983 960 3058 quam
981 2961 1131 3044 plurimis
1152 2978 1186 3025 et
1205 2964 1341 3048 optimis

342 3053 414 3116 cdd.
437 3047 670 3128 nonnullisque
690 3041 761 3105 edd.
781 3043 913 3125 priscss;
946 3045 1016 3107 iura
1035 3045 1146 3130 itaque
1161 3046 1225 3109 hoo
1244 3068 1340 3110 vocs·

268 3173 270 3178 ·
340 3140 454 3200 bulum
468 3126 735 3204 Sanctamaudus,
758 3127 921 3203 Heinsius,
945 3129 1135 3196 Valckenar.
1150 3146 1182 3193 et
1195 3133 1341 3195 Bruucls.

341 3231 549 3291 revocarunt3
580 3211 744 3296 iidemque
765 3209 828 3272 viri
853 3211 943 3274 docti
964 3213 1052 3276 hunc
1071 3236 1197 3278 versum
1211 3238 1230 3276 a
1244 3237 1341 3300 supe·

341 3307 422 3370 riori
435 3313 597 3385 separant,
621 3312 811 3358 nontamen
830 3298 962 3360 omnino
979 3299 1228 3363 consentientes.
1252 3301 1342 3361 Soss-

342 3388 533 3454 clamandus
554 3381 640 3445 euim
662 3379 747 3463 apud
760 3383 954 3442 Wartonum
976 3380 1046 3468 (qui
1065 3383 1100 3442 in
1124 3385 1211 3446 notis
1227 3389 1343 3469 vulga·
1470 3415 1471 3426 ι

341 3494 405 3540 tam
421 3473 593 3535 lectionem
613 3481 721 3528 sanam
744 3487 810 3528 esse
830 3467 1037 3547 pronuntiat)
1061 3467 1096 3526 in
1119 3466 1289 3529 Addendis
1305 3490 1342 3552 p.

339 3561 409 3641 557.
421 3557 519 3642 legit:
541 3587 584 3602 -
604 3552 657 3618 ἅτε
675 3544 782 3617 troada
795 3548 868 3634 ἔαρ,
891 3575 971 3636 zeus.
986 3549 1125 3628 ἀνέντος,
1140 3550 1219 3620 Ὧδε
1231 3558 1344 3622 καὶ-

339 3649 421 3729 ἠμῒν.
440 3645 555 3726 Πιερίῃ
570 3635 685 3723 μεγάλη
699 3634 745 3701 ἅτ’
757 3633 906 3720 ἀνέδραμε
918 3635 1033 3720 κόσμος
1052 3633 1183 3722 οἷρούρᾳ,
1205 3637 1228 3717 ἤ
1237 3635 1344 3722 scium,
1470 3641 1471 3712 i

338 3727 537 3810 κυπάρισσος·
560 3759 601 3772 -
627 3725 720 3782 Sicut
741 3721 914 3780 candidum
934 3742 1004 3793 ver,
1032 3721 1131 3782 hieme
1151 3727 1340 3798 remittente,
1470 3727 1471 3736 ’

338 3823 387 3880 sio
402 3829 431 3875 et
447 3831 545 3872 aureo
560 3809 682 3868 Heleno
697 3805 838 3866 elucebat
854 3810 1015 3868 internos.
1039 3807 1134 3865 Sient
1146 3829 1340 3888 magnacu-

333 3921 463 3986 prescua
479 3917 605 3956 emaum
612 3893 795 3972 procurrit,
825 3904 1042 3950 amomacum
1049 3896 1171 3971 pingui
1183 3913 1262 3953 arvo
1277 3903 1341 3953 out

336 3992 426 4050 horto
442 3997 502 4042 etc.
520 3979 645 4049 Res'alre,
677 3975 734 4058 qui
751 3975 854 4034 varias
869 3972 959 4035 dedit
973 3975 1148 4049 lectiones,
1179 3976 1339 4061 cuiusque

334 4093 440 4134 reram
469 4060 727 4125 emendationem
750 4055 903 4120 Valcken.
930 4058 965 4119 in
987 4057 1067 4122 edit.
1089 4079 1151 4120 sec.
1173 4059 1338 4143 reposuit,

330 4169 456 4220 retenta
470 4149 573 4208 forma
588 4142 697 4204 dorica
712 4143 844 4229 μεγάλα,
867 4163 907 4203 err
920 4143 1041 4204 Aldina
1054 4143 1197 4206 lectione
1211 4148 1336 4226 πίειρα,

325 4233 441 4328 μεγάλη
455 4264 500 4282 ·-
511 4231 624 4315 κόσμος
636 4228 780 4292 restituit
793 4231 900 4314 πιείρρ
912 4225 1029 4314 pitydia
1043 4261 1086 4282 ···
1098 4223 1224 4314 adepte.
1240 4233 1338 4296 Mus·
