2922 5026
451 435 871 499 ΕΠΙΓΡΑΜΜΑΤΑ.
1135 431 1197 520 795

219 605 310 671 Tam
322 600 432 667 suavis
444 599 512 668 tuit
529 614 562 666 et
578 601 694 666 doctus

225 705 385 772 Carmina
397 727 543 793 pangere
557 715 591 770 et
605 705 646 770 ad
661 705 774 791 lyram
788 713 934 768 cantare.

161 851 206 920 IN
249 849 468 918 STATVAM
510 847 731 931 PISANDRI,
776 847 858 934 QVI
900 845 1178 918 HERACLEAM

501 953 732 1024 CONDIDIT.
775 951 850 1018 XX.

228 1055 319 1123 Iovis
332 1054 386 1120 hic
401 1053 495 1119 vobis
510 1054 619 1120 filiurn
634 1053 699 1135 vir,

226 1157 348 1227 Leonis
364 1157 587 1238 domitorem,
609 1159 754 1222 celerem
768 1179 883 1240 manu,

228 1260 361 1328 Primus
376 1259 593 1346 superiorum
608 1271 786 1346 poetarum

229 1363 389 1433 Pisander
404 1361 538 1450 scripsit
553 1383 596 1426 ex
610 1363 758 1443 cambo,

186 1467 188 1472 ’
231 1467 278 1534 Et
289 1475 372 1552 quot
386 1463 546 1544 confecit,
568 1467 736 1530 recensuit
749 1465 887 1532 labores.

232 1569 398 1655 Huncque
410 1565 523 1654 ipsum
536 1569 682 1655 populus
697 1569 747 1655 (vt
760 1567 866 1660 probe
881 1569 980 1652 seiae)

233 1671 360 1740 Statuit
372 1669 429 1734 hic
444 1668 573 1734 factum
588 1691 633 1734 en
650 1693 738 1752 aere,
1021 1671 1029 1684 ‘

234 1775 350 1848 Multis
363 1770 534 1838 mensibus
547 1784 625 1863 post
639 1785 673 1838 et
682 1773 790 1841 anuis.

360 1917 413 1986 IN
455 1918 857 1991 HIPPONACTEM.
901 1920 998 2007 xxj.

234 2021 340 2089 Poeta
357 2019 415 2086 hic
427 2019 609 2112 Hipponax
621 2021 715 2092 iacet.
1183 2062 1189 2100 ι

173 2179 381 2200 μ

216 2271 301 2336 aliia.
318 2305 361 2322 -
375 2267 416 2338 ἔτ’
428 2266 559 2337 ’ἄνωθεν
578 2275 660 2334 male
676 2269 749 2334 Vat.
764 2271 862 2341 Conf.
885 2271 1215 2358 Valcken.'ad1dyll.

218 2355 294 2418 VII.
311 2357 341 2422 5.
384 2359 499 2418 Kieaad.

176 2439 208 2508 4·
231 2443 422 2528 συνέγραψεν
446 2464 518 2502 cum
542 2441 707 2504 Brunelaio
730 2459 764 2505 et
786 2442 949 2506 Gaisford.
973 2466 1013 2506 ex
1036 2443 1122 2506 binio
1145 2445 1216 2508 cdd.

219 2548 278 2612 pro
306 2527 504 2613 ξυνέγραψεν.
540 2527 706 2588 Iacobsiur
733 2528 797 2590 hoc
826 2527 958 2590 verbum
984 2529 1146 2592 referebat
1176 2531 1218 2592 ad

221 2613 394 2698 imaginem
420 2613 569 2673 Herculis
591 2633 608 2670 a
628 2611 783 2674 Pisandro
806 2611 1023 2674 adumbratam
1045 2613 1086 2675 ob
1109 2619 1219 2678 locum

221 2698 369 2764 Strabon.
385 2697 458 2758 XV.
477 2717 509 2779 p.
527 2695 618 2760 1008.
633 2697 823 2759 Schaeferue
843 2713 950 2761 autem
968 2698 1069 2762 vertit
1086 2705 1220 2782 arripnit

223 2781 262 2844 de
275 2785 421 2848 Hercule.
449 2780 596 2843 insolens
609 2797 716 2843 tamen
735 2783 834 2846 huius
850 2783 941 2844 vorbi
958 2775 1034 2845 vius
1054 2782 1094 2844 de
1110 2802 1218 2868 poeta.

223 2860 275 2934 oi'a
299 2889 358 2950 pro
382 2871 517 2952 vulgato
539 2867 583 2932 aie
612 2865 822 2930 emendarunt
846 2868 1006 2954 Scaliger,
1038 2867 1218 2934 Caaaubon.

225 2968 257 3015 et
270 2953 424 3014 Valcken.
468 2954 585 3012 Kiered.

182 3041 215 3110 5.
257 3037 370 3116 ὅσσους
389 3039 464 3101 vat.
490 3071 534 3086 -
561 3033 750 3106 ἕοπὸνασεν.
784 3035 838 3098 Ad
859 3057 986 3100 versum
1010 3038 1161 3123 Euripid.
1185 3043 1221 3104 in

226 3065 348 3186 dhoen.
366 3121 456 3190 1642.
474 3117 690 3208 Ιτοῖντετοοῑμένι
708 3121 745 3190 ου’
761 3125 879 3190 δίκαιον
894 3125 1048 3199 ἐκπονεῖν,
1078 3147 1224 3189 nostrum

227 3213 335 3270 locum
351 3229 422 3270 curn
439 3207 602 3274 similibus
617 3208 774 3270 excitavit
789 3207 944 3270 Valcken.
960 3229 994 3291 p.
1004 3209 1076 3272 552.
1098 3212 1223 3273 Iacobo.

187 3295 218 3364 8.
239 3297 343 3376 μησίν.
360 3295 436 3358 Vat.
465 3293 560 3353 Hanc
574 3291 722 3353 Pisandri
736 3307 873 3356 statuam
892 3290 950 3353 diu
965 3308 1040 3374 post
1056 3294 1126 3355 eius
1140 3319 1224 3356 anor·

229 3396 292 3442 tem
308 3400 325 3438 a
340 3376 578 3442 Camireneibue
600 3377 635 3436 in
657 3392 721 3437 tam
736 3377 869 3440 illustria
893 3377 955 3438 viri
970 3379 1151 3440 memoriam
1167 3403 1224 3462 po·

231 3464 325 3526 eitam
356 3484 439 3539 aare,
477 3461 642 3546 significat
663 3461 868 3525 Theocritus.
897 3463 1066 3546 Perpetem
1090 3463 1125 3524 in
1145 3463 1225 3526 Cod.

232 3549 306 3611 Vat.
326 3547 462 3632 reliquis
474 3547 618 3610 versibus
633 3546 806 3609 subiicitur
820 3546 892 3608 hic:
922 3549 972 3612 ὅτι
985 3547 1084 3626 δεξιοὶ·
1100 3546 1137 3628 ἧς
1153 3547 1227 3614 ἔπεα

233 3635 378 3714 πονῆσαι,
401 3653 441 3693 ex
454 3635 515 3718 Ep.
529 3632 621 3694 XIX.
637 3632 701 3694 buc
716 3633 892 3696 traductus.
936 3635 1034 3694 Idem.

654 3753 747 3816 XXI.

194 3855 243 3930 μά.
265 3861 369 3920 Deest
386 3853 450 3913 hoo
473 3874 597 3918 carmen
622 3855 656 3912 in
673 3853 820 3917 editione
835 3853 990 3938 Calliergi
1011 3867 1043 3914 et
1062 3852 1132 3912 aliis
1150 3867 1230 3916 vett.

236 3945 360 4006 Primus
380 3939 423 3999 H.
446 3937 627 4020 Stephanus
650 3938 685 3998 id
715 3941 749 3998 in
771 3939 995 4000 collectionem
1015 3934 1232 4019 Epigramma·

238 4046 306 4092 turn
323 4021 591 4084 Theocriteorum
604 4023 738 4104 recepit.
769 4025 806 4083 ln
822 4025 1082 4104 Hipponactem,
1114 4019 1234 4086 iambo.

240 4109 413 4200 graphum;
438 4119 539 4167 metro
554 4107 784 4187 Hipponacteo
802 4107 965 4188 scripturn.
1012 4105 1138 4168 Jacobs.

201 4220 231 4265 1.
251 4187 443 4283 μουσοποιὸς.
474 4189 528 4251 Sic
549 4190 723 4254 Pindarum
742 4206 837 4254 vocat
851 4191 922 4252 Dio
939 4187 1053 4275 Chrys.
1072 4189 1128 4254 Or.
1144 4193 1184 4260 ll.
1204 4219 1244 4283 p.
