2866 5002
284 418 349 512 9⁸⁰
448 417 550 483 ric.
592 417 868 484 Monesen
910 413 1230 482 arrsrona:

287 590 408 674 scripto
432 589 559 654 inedito
578 591 606 652 is
626 592 851 655 auctoritatem
867 588 1024 676 quandam
1040 588 1246 664 conciliat,
1284 587 1376 649 Bour-

288 677 411 738 delotio
428 697 559 759 quoque
578 677 777 758 approbante
792 675 982 763 (Animadv.
1002 680 1037 736 iu
1051 674 1254 734 Heliodorr'
1266 675 1378 734 Aethi·

289 783 337 841 op.
360 761 514 822 timu.
534 782 567 840 p.
581 783 633 840 ys.
653 763 700 822 ed.
723 763 842 842 1619.)
887 761 991 845 Quam
1014 764 1128 819 multa
1157 759 1376 840 antiquitatis

287 845 424 930 peritia,
447 845 647 930 philologiae
663 845 952 930 humaniorumque
966 844 1164 904 litterarum
1182 841 1295 902 laude
1312 845 1375 902 Ale·

288 927 387 990 ander
404 927 565 1006 floruerit,
598 945 664 992 tum
691 931 883 1012 scriptorum
905 928 1084 989 illustrium
1110 927 1375 988 testimoniiset

288 1014 541 1091 commentariis,
570 1016 755 1096 praesertim
776 1016 900 1078 Leonis
914 1013 1044 1087 Allatii,
1070 1011 1161 1076 Jam·
1176 1011 1285 1072 Nicii
1302 1012 1374 1094 Erp-

288 1097 414 1171 tbraci,
437 1099 626 1174 Niceronii,
649 1099 898 1174 Masauchellii,
921 1096 1068 1172 Litutii,
1095 1099 1307 1156 lumrlenter
1322 1111 1371 1154 tra·

289 1181 393 1244 ditum
406 1197 474 1256 est3
504 1197 571 1244 tum
591 1203 668 1244 tero
689 1205 730 1244 ers
746 1183 837 1246 libris
859 1183 961 1266 ipsius
985 1179 1085 1242 editis
1104 1186 1222 1262 plane
1239 1197 1368 1241 constat.

288 1267 343 1328 De
359 1267 491 1350 scriptis
519 1267 589 1328 eius
610 1267 759 1330 omnibus
787 1266 986 1352 conjunctim
1014 1264 1163 1327 edendis
1194 1265 1367 1325 consiliam

289 1351 369 1412 olim
385 1351 502 1418 inierat
515 1351 626 1414 Justus
644 1355 670 1412 F
672 1353 861 1414 outaninius
875 1352 913 1414 V.
929 1351 977 1426 C.,
1002 1348 1041 1412 dc
1056 1349 1292 1432 popularium
1307 1371 1367 1410 sno·
1408 1359 1409 1380 ³

289 1457 360 1496 rum
379 1435 480 1519 gloria
495 1457 659 1519 nunquam
675 1459 741 1498 non
754 1437 847 1500 valde
863 1436 1041 1510 sollicitus,
1074 1450 1187 1520 atque
1203 1432 1295 1496 adeo
1310 1435 1366 1492 iue-

290 1519 359 1580 dita
379 1523 479 1580 multa
494 1518 627 1601 ipsemet
643 1522 869 1604 exscripserat,
901 1541 1005 1604 neque
1019 1535 1155 1594 tamen,
1187 1519 1284 1579 curis
1303 1518 1365 1577 aliis

290 1601 378 1664 bono
393 1604 572 1664 litterarum
587 1603 762 1668 identidem
784 1605 958 1680 distentus,
988 1602 1141 1687 perfecit.
1171 1605 1363 1684 (Fontcnia.

291 1691 398 1768 Epist.
417 1687 554 1750 Veneror.
569 1691 615 1749 ad
626 1693 901 1771 Mogliobeclrium
920 1695 1004 1750 Tam.
1021 1691 1049 1750 I.
1068 1711 1103 1769 p.
1122 1691 1208 1748 224.
1229 1691 1362 1747 Amints

291 1771 394 1851 defleo
404 1793 436 1850 p.
456 1773 538 1848 162.)
553 1775 605 1834 Ex
626 1774 695 1836 eius
710 1775 902 1859 apographis
917 1773 957 1835 ad
972 1795 1037 1834 rem
1058 1773 1274 1854 comparatis
1289 1771 1361 1834 liber

290 1855 373 1916 mihi
383 1867 445 1928 est,
471 1858 528 1938 qui
546 1879 617 1918 cum
632 1861 840 1942 scriptisaliis
853 1859 987 1920 ineditis
1000 1858 1278 1918 Dissertationes
1294 1877 1360 1941 qua·

290 1937 470 2000 tuordecim
485 1939 657 2003 historicas
672 1943 887 2030 philologicos
901 1941 1218 2004 criticasVariarum
1231 1941 1359 2003 Isectio·

200 2052 212 2064 ·
290 2043 386 2092 num,
417 2024 469 2083 uti
492 2023 597 2086 dicere
619 2049 687 2088 mos
704 2030 787 2104 fuit,
818 2050 858 2090 ex
876 2026 1085 2112 autographis
1100 2026 1238 2088 Romae
1263 2025 1358 2086 inlli-

289 2103 455 2168 bliotheca
476 2108 725 2174 Barbarinorum
751 2113 882 2176 servatis
909 2133 926 2172 a
949 2110 1155 2173 Fontauinio
1180 2109 1357 2192 descriptas

289 2193 456 2268 continet;
481 2195 652 2276 quaelicet
668 2197 810 2259 nondum
826 2203 991 2284 vulgatae,
1016 2195 1050 2254 in
1067 2216 1165 2256 usum
1183 2210 1297 2255 tamen
1310 2197 1356 2253 lit·

289 2287 429 2336 terarum
446 2277 612 2340 adhibitae
635 2302 866 2366 nonnunquam
884 2297 969 2342 sunt.
1014 2281 1139 2340 Harum
1153 2301 1247 2357 uua,
1283 2298 1356 2363 quae

231 2449 236 2462 ι
290 2357 331 2419 ad
348 2359 558 2422 Theocritum
577 2385 708 2448 quoque
721 2367 879 2449 pertinet,
904 2363 1090 2426 huiusmodi
1104 2378 1172 2425 cst:

289 2491 347 2558 De
368 2493 503 2560 incessu
515 2497 682 2566 Deam-m.
714 2501 853 2568 Homeri
868 2501 1039 2568 sententio
1053 2498 1228 2566 adversus
1247 2499 1356 2566 Helio-

333 2595 455 2662 dorum
473 2623 635 2688 expenao.
669 2603 736 2670 Dii
747 2603 900 2686 νέποδες.
922 2603 1095 2670 Theocriti
1111 2601 1214 2667 locros
1232 2603 1320 2668 illu-

399 2707 546 2774 stratus,
571 2703 655 2766 item
666 2715 702 2775 ,et
716 2706 939 2794 Horapolliais
954 2707 1090 2774 sublato
1110 2705 1254 2776 urendo.

441 2802 575 2877 „Radia
599 2825 667 2867 esse
687 2809 832 2870 omnium
853 2810 949 2870 initia
970 2809 1106 2884 ortium,
1136 2830 1208 2871 non
1231 2825 1284 2871 est
1301 2832 1352 2870 cnr

355 2886 526 2970 quiequam
540 2891 722 2970 patefacere
734 2893 877 2956 laboret:
900 2893 935 2955 id
951 2917 999 2956 res
1014 2894 1081 2977 ipsa
1099 2891 1282 2956 identidem
1299 2893 1349 2954 do·

355 2984 417 3066 eet.
461 2971 561 3032 Primi
580 2973 739 3054 pictores,
771 2992 907 3040 testante
923 2979 1060 3040 Aeliano
1073 2978 1108 3037 in
1128 2979 1229 3038 Varia
1244 2979 1349 3039 Histo-

354 3073 420 3126 na,
449 3053 528 3118 adeo
552 3055 694 3139 imperiti
724 3061 825 3123 fuisse
848 3061 1018 3138 dicuntur,
1049 3075 1087 3122 ut
1109 3084 1184 3122 curn
1210 3067 1347 3146 leporem

354 3157 529 3236 canemque
553 3142 752 3224 pinxissent,
786 3147 890 3208 aliave
909 3145 1116 3231 hujusmodi,
1147 3168 1283 3210 necesse
1299 3147 1347 3206 ha·

352 3218 483 3283 buerrnt
500 3224 715 3307 inscriptione
730 3253 870 3308 mouere,
894 3233 986 3294 illum
1002 3253 1069 3293 esse
1083 3236 1240 3312 leporem,
1265 3233 1346 3292 bunc

353 3325 473 3366 canem.
518 3309 583 3392 lpsi
601 3333 678 3373 vero
693 3329 869 3378 statuarum
882 3320 1009 3379 fusores
1021 3317 1190 3377 simulacra
1202 3317 1344 3378 efforma-

353 3387 430 3450 bant
445 3391 593 3472 pedibus,
619 3398 764 3460 cruribus
778 3406 869 3462 velut
881 3423 945 3462 una
962 3401 1153 3483 compactis,
1179 3400 1269 3464 unde
1283 3423 1344 3462 mo·

351 3495 416 3536 rem
439 3496 582 3539 manasse
603 3481 754 3544 existimo
778 3485 948 3548 Herrnulas
967 3484 1111 3570 fingendi
1133 3485 1226 3568 quasi
1250 3485 1341 3546 unico

350 3557 431 3642 pede
448 3573 587 3635 stantes,
617 3573 767 3628 translata
791 3585 934 3632 veterum
958 3569 1105 3632 fictorum
1127 3569 1292 3652 imperitia
1307 3569 1341 3630 ad

353 3643 513 3728 quoddam
529 3648 699 3732 roligionis
711 3655 958 3737 praescriptum:
981 3655 1120 3716 forsitan
1136 3675 1214 3716 vero
1224 3655 1338 3737 gemini
1407 3669 1408 3678 ¹

351 3728 386 3788 in
408 3749 488 3810 aqua
515 3731 614 3810 podes
635 3733 793 3814 hominis,
825 3761 905 3824 quos
928 3739 1105 3822 pingebant
1127 3739 1282 3822 Aegyptii
1302 3737 1340 3797 ad

349 3813 507 3873 fullonem
528 3815 755 3896 indicandum,
806 3823 872 3885 uod
895 3847 935 3886 ex
947 3824 1107 3884 Mercurii
1127 3821 1336 3883 similitudine

348 3895 445 3956 abiis
466 3899 649 3962 factitatum
665 3847 991 3991 scribitiiorapollo,
1016 3907 1145 3979 eodem,
1177 3927 1241 3990 quo
1258 3905 1335 3966 diri·

350 4003 438 4077 mus,
471 3981 632 4079 schemate
655 3993 828 4073 compositi
850 4009 950 4055 orant.
993 3994 1098 4056 Verba
1122 3992 1336 4072 Horapolliais

349 4063 435 4162 labro
447 4087 602 4170 prunonea
616 4087 709 4134 sunt:
732 4079 847 4159 ysups'a
863 4083 901 4144 ds*
912 4080 1087 4156 δηλοῦντες,
1110 4075 1165 4142 dtis
1179 4077 1273 4148 πόδας
1286 4069 1331 4138 ais·
1406 4067 1407 4142 i

347 4159 482 4234 θρωπου
493 4155 526 4218 ἐν
543 4157 635 4221 adare
647 4162 860 4248 Campatium}
867 4165 956 4232 τοῦτο
969 4169 1002 4230 de*
1014 4158 1078 4230 sind
1089 4164 1145 4242 τῆς
1162 4163 1215 4230 tois
1228 4161 1332 4246 Ἒρμοό
