2926 5022
246 483 553 586 anroenrrr
578 483 860 554 rnrnnrors
889 485 1013 558 xrrt.
1097 493 1159 568 nn

104 659 353 753 ltsqnenullam
364 658 446 724 dum
462 655 639 724 mulierem
646 658 727 725 ‹vir'o
742 668 874 727 tentoni
883 661 1162 756 placuissesiunt,
1290 713 1291 716 ,

106 767 274 855 Quantum
289 745 498 829 Ptolemaeus
513 781 610 826 suam
628 762 755 828 amavit
775 765 960 848 coniugem.

105 873 210 955 Atque
224 863 375 956 profecto
390 861 626 930 redamabatur
641 865 748 930 multo
765 863 879 952 magis.
923 866 1119 953 stelionis,

104 968 278 1041 Confidens
293 970 362 1034 anis
377 967 588 1034 committere
601 977 735 1054 poterat
747 965 886 1034 domum
899 981 1016 1052 totam,
1096 1047 1098 1054 Α

105 1070 217 1162 Quum
233 1093 350 1136 amans
366 1057 512 1136 ementis
527 1069 563 1133 in
580 1079 695 1134 torum
711 1069 950 1142 adscenderet.-

107 1175 227 1266 lmpiae
242 1196 324 1240 vero
335 1171 490 1238 mulieris
513 1172 646 1236 animus
662 1193 796 1260 semper
818 1184 868 1237 est
885 1173 921 1242 in
942 1173 1017 1245 viro
1028 1178 1160 1248 alienog

104 1275 224 1356 Faciles
245 1275 382 1364 quidem
403 1285 483 1342 sunt
503 1283 619 1362 partus
624 1319 637 1356 ,
667 1274 725 1340 sed
741 1275 834 1342 liberi
852 1276 1049 1362 neutiquam
1070 1281 1162 1370 patri

680 1376 814 1445 similes.

111 1557 312 1586 ρει-ιι.-

125 1646 174 1716 io.
194 1648 246 1714 41.
269 1645 402 1724 Brundi
418 1669 478 1733 pro
500 1671 534 1718 at
550 1645 653 1735 (quod
672 1643 793 1712 Reiske
814 1650 905 1713 malit
917 1653 970 1714 vel
986 1665 1109 1718 motare
1125 1651 1162 1720 in

163 1743 215 1805 καῖ
228 1757 300 1798 cum
315 1732 436 1810 codiee
447 1733 592 1812 Cassan,
610 1739 662 1795 vel
673 1739 780 1818 legere
801 1735 820 1802 o‘
834 1741 867 1801 di
877 1742 930 1803 aa?
944 1741 1049 1819 nasei)
1065 1741 1099 1799 in
1115 1757 1162 1802 te·
1294 1763 1297 1772 ¹

163 1836 223 1882 xtu
233 1819 378 1904 reposuit
389 1845 430 1900 aa,
452 1819 487 1879 in
502 1819 590 1881 notis
607 1833 712 1888 tamen
729 1817 927 1903 suspicatur,
943 1837 1070 1904 poetam
1085 1825 1170 1887 sori·'

80 1969 85 1975 ,
164 1905 278 1990 psisse,
307 1901 364 1969 eide
379 1909 431 1970 ani
445 1905 510 1970 οἷσι
520 1901 683 1986 &spadone
695 1909 854 1973 παίδεσσιν
868 1907 1031 1990 ἐπιτρέπει.
1056 1907 1161 1992 Quae,

163 1989 302 2052 mutatio
322 1986 419 2050 nimis
439 1988 544 2050 andex
561 2004 618 2052 est.
648 1991 746 2050 Harl.
776 1989 877 2052 Versu
891 1993 942 2056 4ι·.
965 2013 1025 2074 pro
1039 1991 1165 2079 insapi-

118 2149 120 2154 .
166 2100 234 2146 πει,
268 2071 356 2158 quod
378 2077 542 2136 soloeeum
555 2089 623 2150 est,
654 2095 695 2136 ex
714 2071 763 2136 cd.
781 2075 900 2140 Vatet
920 2075 969 2139 ed.
987 2077 1074 2138 Flor.
1091 2101 1165 2140 cum

166 2159 338 2222 Schaefero
369 2158 570 2305 reposuimus
594 2157 767 2246 introiret,
806 2159 892 2246 quod
920 2161 983 2222 iam
1007 2159 1162 2225 Valcken.

166 2245 330 2328 praetulit.
353 2241 404 2304 Ad
429 2265 446 2304 e
460 2241 501 2304 de
516 2242 667 2305 hocloco
685 2242 725 2304 nd
739 2265 785 2306 vs.
801 2243 848 2308 16.
862 2245 996 2306 monita.
1028 2250 1147 2308 Kiessl.

126 2343 177 2412 42·
199 2343 249 2410 45.
271 2371 305 2412 κε
320 2343 459 2408 Brunclt.
483 2377 525 2394 ·-
544 2347 650 2426 βαῖαεσ
669 2343 759 2408 Med.
780 2344 854 2406 Ald.
876 2343 957 2406 Call.
978 2363 1050 2406 oum
1071 2347 1166 2428 quin·

169 2451 231 2514 qne
245 2430 317 2492 edd.
337 2431 565 2530 revocavitqus
586 2428 718 2490 Reiske·
738 2434 839 2512 βαίνει
853 2429 963 2512 Steph.
987 2429 1114 2492 ecodd.
1133 2443 1167 2492 et

167 2515 301 2581 Brunok
314 2515 349 2576 in
364 2527 458 2575 textu
472 2511 601 2600 quidem
615 2511 724 2586 dedit3
749 2527 782 2574 at
798 2515 833 2574 in
849 2516 960 2588 notis,·
980 2533 1022 2576 ne
1037 2519 1167 2576 soloeca
1285 2533 1287 2538 ’

168 2601 212 2664 sit
227 2598 370 2684 phrasis,
393 2595 657 2661 antecedentibus
671 2599 841 2682 particulis
858 2596 970 2672 ὁππόςε
986 2622 1038 2674 aa,
1067 2598 1167 2659 eoribi

168 2687 260 2746 iubet
273 2689 384 2772 βαίνῃ,
413 2681 500 2766 quod
522 2703 562 2745 ex
576 2680 630 2742 ed.·
647 2682 734 2742 Flor.
750 2683 875 2763 recepit
891 2677 1045 2744 Valcken.
1075 2681 1167 2755 Idem

167 2769 299 2832 Brunek
311 2791 388 2830 mox
402 2789 460 2848 pro
474 2771 606 2851 vulgato
620 2767 784 2849 φιλεσύσης
799 2766 889 2828 dedit
903 2773 1060 2850 φιλευίσης
1076 2765 1169 2851 (Val-

169 2854 261 2918 cken.
278 2877 348 2915 oum
356 2853 558 2914 Winterton.
572 2847 756 2936 φιλσοὶσας),
781 2865 812 2914 et
826 2873 918 2913 versu
934 2871 1000 2934 req.
1018 2857 1080 2917 aiei
1091 2853 1168 2934 (pro

171 2962 237 3026 quo
254 2937 382 3000 Eldiolr.
397 2939 488 2998 metit
506 2933 612 3018 εὐνᾷ),
636 2949 733 3040 atque
752 2936 815 2998 sibi
831 2934 1016 3018 persuadet,
1038 2953 1170 3019 poetam

171 3025 271 3086 initio
294 3039 402 3084 versus
433 3018 597 3104 scripsisse
620 3019 755 3106 ἄστοργα
777 3043 837 3104 pro
858 3017 1026 3103 α’στόςίγσυ,
1058 3023 1187 3107 σίσσασ

171 3125 247 3196 post
261 3108 509 3169 Wintertonum
523 3105 652 3188 scripsit
665 3105 820 3167 Valcken.
861 3108 959 3168 Harl.

123 3208 183 3278 14.
201 3215 314 3296 ῥηΐδισι
329 3205 469 3290 optimos
478 3203 600 3268 'habere
617 3199 744 3269 codices
760 3206 870 3288 [Conf.
882 3204 1081 3294 Gaisford.],
1112 3204 1173 3270 ada

172 3296 278 3360 firmo
299 3291 451 3356 Dorville
474 3286 513 3351 ed
533 3288 701 3356 Chariton.
723 3307 755 3374 p.
774 3287 989 3355 216.=531.
1009 3307 1042 3354 et
1059 3294 1178 3354 reneri·

200 3382 243 3444 sit
262 3399 321 3464 pro
342 3383 460 3462 ρηῑθιαι
473 3371 613 3437 Brunck.
635 3376 747 3466 [Hunc
762 3377 864 3436 secuti
881 3399 996 3438 sumus.
1042 3373 1172 3439 Adden-

173 3401 693 3614 itttstrt
706 3460 1173 3607 rsst¹rrst¹²⁵⁸⁶tt

127 3577 131 3583 ·
356 3593 363 3608 .
421 3589 429 3606 .
475 3593 483 3607 .
622 3589 630 3605 .
826 3590 834 3604 .
928 3569 937 3604 ι
1006 3569 1097 3608 osae
1134 3569 1156 3606 u

174 3573 278 3698 :itate
299 3626 339 3692 de
352 3565 473 3717 graeci:
486 3563 621 3700 Lgxidii
642 3647 673 3711 p.
688 3629 730 3693 50
744 3651 788 3716 sq.
810 3632 937 3712 Kimrd]
961 3631 1074 3712 ῥηΐδιοι
1085 3569 1175 3715 rivet

132 3735 136 3741 '
173 3735 250 3783 aunt
264 3714 406 3801 fecundi
417 3727 551 3796 partus,
574 3709 722 3797 secontia
744 3713 870 3776 soboles.
915 3713 1051 3778 Liberos
1068 3729 1176 3776 autem

176 3804 265 3890 petri
285 3801 404 3862 similes
427 3819 512 3874 esse,
546 3795 582 3858 id
605 3799 640 3858 in
664 3795 758 3858 castis
784 3795 997 3860 matrimoniis
1028 3799 1177 3860 obtinere

178 3891 255 3954 olim
274 3881 481 3958 credebatur;
511 3905 542 3944 v.
563 3904 645 3944 rere.
658 3879 708 3946 65.
732 3881 889 3964 Compare
906 3879 1019 3945 Horat.
1044 3881 1101 3945 IV.
1123 3879 1177 3942 od.

175 3978 205 4042 5.
228 3991 330 4037 21¹-
351 3967 401 4032 24.
431 3967 549 4029 Catuli.
572 3967 659 4028 LXI.
683 3964 743 4029 216
764 3988 831 4050 sqq.
861 3965 998 4030 Hesiod.
1022 3967 1062 4028 Ο.
1084 3977 1116 4026 et
1131 3966 1176 4024 D.

165 4056 251 4126 ⁵255·
282 4053 429 4117 Martini.
453 4051 579 4136 V1.o7.
603 4047 632 4112 5.
656 4050 686 4114 4.
715 4047 883 4113 Chariton.
901 4047 944 4116 11.
970 4073 1016 4114 rt.
1047 4047 1178 4110 Ernesti

178 4160 284 4206 tmen
303 4137 344 4200 ad
358 4135 484 4200 Gallim.
496 4135 541 4196 H.
555 4135 589 4196 in
598 4133 674 4198 Del.
690 4135 760 4200 252.
777 4151 856 4197 rere.
873 4135 924 4201 45.
936 4149 969 4197 et
982 4135 1032 4196 44.
1049 4131 1177 4216 spurios

135 4243 143 4258 .
180 4221 408 4302 esssduffiffls'
429 4221 484 4287 cui
496 4217 723 4304 adtentiuntur'
732 4217 880 4374 {ophim
896 4233 929 4314 et
942 4213 1042 4310 Deiti.
1062 4215 1161 4307 liert.
