2874 5018
281 451 890 544 rnnoon1'r11nrnn10n
919 471 984 552 iv.
1081 491 1141 557 ιη

87 653 203 724 oon.
245 613 324 720 non
344 646 523 716 numu?
559 645 643 714 nno
668 665 748 710 eum
773 639 816 756 aa
836 639 1010 731 alpheum
1031 663 1144 714 ...um

86 859 245 928 ΒΔΤΤ.
288 855 334 924 Et
355 851 489 942 quando
504 852 563 920 ille
585 744 820 920 oleuthbdddiib
834 847 941 916 vidit?

89 961 209 1030 COR.
252 958 362 1028 Aiunt
388 977 467 1022 eum
495 977 576 1022 oum
604 951 819 1120 Herpetplporpi
846 963 881 1018 et
905 951 1029 1021 robore
1065 975 1150 1022 oon-

88 1165 193 1232 BAT
202 1166 244 1230 Τ.
274 1163 320 1229 Et
335 1185 391 1229 me
403 1169 512 1226 mater
527 1155 612 1224 dixit
624 1157 759 1224 Polluce
772 1159 1052 1248 praestantiorem
1067 1183 1149 1228 eane.

90 1267 205 1332 COR.
249 1265 404 1352 Abiitque
416 1263 495 1328 hinc
512 1283 589 1326 cum
604 1259 713 1345 ligone
733 1272 767 1325 et
782 1259 904 1346 viginti
917 1261 1046 1328 ovibus.

3 1449 4 1476 ,
90 1369 241 1436 BATT.
263 1365 483 1448 Perauaaerit,
498 1363 610 1444 credo,
626 1363 709 1430 Milo
729 1361 830 1452 lupia,
850 1373 888 1428 vt
900 1362 992 1430 illico
1004 1365 1150 1434 rabiant.

158 1650 229 1716 797.
245 1628 328 1692 adde
349 1629 502 1698 Warton.
517 1643 550 1690 et
573 1629 680 1710 Toup.
700 1625 787 1687 conf.
801 1624 945 1708 Alciphr.
960 1650 992 1776 p.
1013 1627 1082 1694 160.
1100 1632 1149 1777 (p.

159 1718 379 1800 211.Wagn.)
403 1713 516 1797 ibique
530 1713 670 1798 Bergler.
715 1713 766 1774 De
787 1710 919 1774 scholiis
936 1717 965 1774 T
989 1715 1102 1780 eocrit.

156 1800 364 1948 lil‘pplrruptio
384 1822 415 1861 v.
434 1796 653 1862 Hematerhua.
669 1794 711 1858 ad
730 1795 900 1880 Aristoph.
922 1799 1009 1862 Plut.
1025 1823 1058 1884 p.
1078 1797 1146 1866 185.

114 1984 147 2052 8.
167 2007 198 2073 9.
219 1989 313 2050 Loco
329 1983 438 2072 κάρτος
450 1985 648 2050 alterSchol.
659 1983 809 2082 Callierg.
827 1998 938 2046 otmar
960 1985 1149 2071 oStephau.

157 2071 313 2156 praebent
332 2071 458 2148 alluo.
481 2070 587 2153 quod,
611 2067 905 2145 Valcken.1udice,
963 2075 1063 2133 erculi
1081 2095 1147 2136 non

159 2157 324 2218 convenit.
377 2155 469 2220 Dicit
495 2169 601 2218 tamen
621 2155 736 2240 virgil.
759 2153 839 2215 Aen.
859 2153 932 2218 VII.
955 2155 1028 2221 656.
1050 2159 1149 2220 Saeua

158 2243 297 2304 Hercule
305 2244 419 2324 pulcro
432 2241 543 2322 pulcer
556 2241 746 2302 Aventinae.
777 2239 823 2300 At
836 2261 854 2300 a
868 2255 980 2303 nostro
992 2246 1067 2303 loco
1081 2248 1152 2324 pul·

158 2325 329 2388 critudinia
348 2325 606 2389 commemoratio
629 2325 732 2386 aliena
755 2337 814 2386 eat.
864 2325 1015 2390 Herculia
1039 2325 1150 2412 κάρτος

158 2427 291 2474 tuentur
313 2412 410 2476 etiam
429 2411 508 2472 haec
527 2409 1016 2502 Sophroneat,‘Honxiricrabne
1029 2410 1151 2498 οᾶρῤωο

156 2491 216 2577 ἦν,
245 2518 327 2582 quae
347 2497 459 2558 attulit
477 2494 631 2556 Valcken.
657 2495 697 2554 ad
711 2492 876 2558 uldoniaz.
899 2519 930 2579 p.
945 2497 1018 2563 505.
1042 2499 1080 2560 B.
1118 2523 1149 2563 v.

157 2583 311 2665 Apollou.
328 2581 368 2644 de
380 2602 473 2665 pron.
489 2600 523 2663 p.
537 2579 609 2643 555.
623 2578 660 2641 C.
676 2578 777 2642 Behk.
792 2578 864 2640 add.
880 2582 1009 2644 Ernesti
1024 2582 1064 2643 ad
1079 2583 1151 2645 Cal·
1222 2575 1226 2584 “

155 2667 224 2730 lim.
238 2667 276 2726 in
298 2670 367 2730 lor.
381 2666 433 2750 67.
476 2665 532 2724 De
552 2663 618 2725 loci
640 2661 760 2723 talibus
787 2665 876 2728 conl.
892 2667 987 2726 etiam
1002 2667 1095 2730 Voss.
1111 2667 1151 2728 ad

158 2749 276 2836 Virgil.
290 2753 360 2814 Eol.
375 2772 408 2835 p.
424 2747 495 2816 238.
518 2781 561 2800 ·-
581 2749 718 2810 Lucian.
732 2768 792 2830 pro
807 2750 926 2834 Imagg.
943 2757 973 2828 9.
984 2769 1032 2836 19.
1047 2754 1084 2816 Τ.
1094 2753 1152 2818 VI.

158 2859 191 2921 p.
205 2839 259 2900 45.
272 2833 352 2902 «illd
373 2836 438 2912 πῶς
461 2830 589 2926 ἐπῄνεσε
602 2829 730 2913 notarie
752 2829 910 2916 εὐδόκιμος
928 2833 980 2900 rob
995 2839 1150 2914 Γλαῦκον,

156 2921 229 2990 οὐδὲ
243 2918 455 2996 Πολυδεύκεος
468 2927 542 3004 βίον
562 2916 662 3005 φήσας
676 2917 902 2986 ἀνατείνασθαι
914 2917 998 3006 atirqi
1010 2927 1152 3002 ἐναντίοις

154 3005 212 3084 τοὶς
224 3009 353 3094 χεῖρας)
370 3005 439 3072 οὐδὲ
454 3004 592 3094 σιδάρεον
608 3001 783 3089 Ἀλκμάνας
799 3006 903 3084 τέκοςς
947 3009 1063 3070 Kieaal.

119 3129 169 3175 ro.
194 3131 243 3176 rr.
265 3107 447 3256 matthea}
476 3109 543 3194 Qui
571 3108 781 3192 Olympiacae
808 3129 946 3172 coronae
970 3110 1150 3194 cupiditate

157 3195 249 3257 ducti
270 3196 304 3256 in
325 3195 425 3257 Piaati
449 3219 498 3256 em
513 3183 778 3271 'conveniebant,
813 3193 840 3254 ii
860 3209 934 3256 ante
954 3195 1146 3282 legitimum,

180 3279 247 3342 uod
266 3296 333 3344 erat
356 3279 481 3342 dierum
503 3279 663 3365 quinque,
694 3295 871 3358 certamen,
902 3279 1037 3366 triginta
1061 3282 1150 3366 ipsos
1239 3311 1243 3322 ·

156 3301 227 3428 dien
247 3365 286 3426 ab
315 3366 462 3450 apiatatie
485 3377 518 3428 et
540 3363 691 3427 ludorum
711 3363 872 3448 magistris
902 3365 1148 3430 exercebantur:

158 3449 238 3512 hinc
250 3451 314 3512 XX
328 3472 405 3514 ovea
428 3471 537 3512 tecum
549 3447 680 3511 deducit
694 3449 825 3533 Aegon,
848 3463 885 3511 vt
896 3448 1024 3510 illarum
1048 3453 1150 3513 carni-

159 3535 219 3596 bus
239 3551 311 3598 toto
334 3536 393 3598 illo
414 3549 557 3618 tempore
579 3538 691 3596 alatur.
734 3530 886 3612 Σκαποὶνη
908 3535 991 3616 ligo,
1014 3550 1070 3598 aut
1093 3559 1151 3598 rn-

160 3631 274 3698 atrum,
294 3621 360 3682 fuit
373 3642 475 3704 genua
488 3618 730 3684 exercitationis
743 3641 926 3706 graecorum
940 3617 1148 3702 epheborum,
1225 3667 1229 3675 .

163 3719 199 3766 et
213 3706 300 3766 inter
318 3704 504 3790 praeludia,
528 3705 647 3792 quibua
668 3703 805 3768 athletae
825 3704 1097 3789 praeparabantur
1112 3704 1153 3767 ad

161 3806 268 3852 cetera
283 3791 471 3854 certamina:
494 3804 625 3874 eratque
641 3790 728 3852 inter
741 3811 795 3853 eoa
809 3790 989 3872 contentio,
1014 3791 1086 3874 quia
1101 3812 1151 3854 ao·

161 3875 248 3936 cium
266 3897 359 3937 auum
380 3877 414 3936 iu
428 3875 553 3939 ruendo
568 3879 701 3959 pulvere
719 3874 909 3960 palaestrico
923 3889 1148 3960 praeverteret,

161 3961 251 4046 quod
265 3958 466 4046 nnpopritrtiv
480 3962 594 4024 Graeci
615 3959 738 4023 dicunt.
781 3960 860 4024 Ideo
873 3961 1014 4046 ligonem
1034 3965 1088 4023 vel
1101 3981 1153 4020 ru·

161 4061 246 4107 trum
260 4045 357 4109 domo
374 4047 480 4110 aufert
493 4047 616 4132 Aegon,
640 4044 703 4108 hoo
718 4047 789 4131 ipao
802 4045 954 4107 athletam
974 4067 1040 4108 aare
1054 4043 1153 4127 profi·

161 4147 245 4194 tem.
288 4133 379 4194 Haeo
399 4154 440 4194 ex
463 4131 645 4195 Canauboni
669 4136 757 4196 lectt.
772 4132 938 4195 Theocrit.
963 4153 1032 4215 cap.
1046 4133 1103 4193 VI.
1119 4147 1152 4212 p.

162 4213 299 4305 lit-sqq.
324 4216 382 4281 vbi
406 4221 498 4304 plura
519 4217 655 4281 videbis.
698 4217 818 4284 Atticir
836 4219 920 4305 ἄμην
936 4215 1020 4294 dici,
1060 4227 1153 4277 notat
