2872 5018
249 429 310 499 188
418 431 723 496 enorrrror
745 427 1063 490 EJAYAAJON
1095 417 1131 496 ς’.

647 599 902 675 ΔΛΦΝΙΣ.

249 705 387 790 Βάλλα
400 736 474 797 τοι,
502 699 721 800 Πολύφαμε,
748 697 979 794 cristallinos
1002 699 1026 773 oi
1044 693 1230 774 Γαλάτεια

249 809 452 901 Μάλοισιν,
480 811 664 906 δυσέρωτα
681 801 748 879 τόν
765 799 915 877 αἰπόλον
931 803 1048 902 ἄνδρα
1063 803 1229 877 atalarico·

250 918 330 992 Καὶ
342 911 387 989 sti
404 943 460 987 νιν
470 909 513 986 οὐ
522 904 760 1007 ποθόρησθα,
770 902 899 996 τάλαν,
910 901 1134 994 soltana’tta*
1144 900 1309 1004 κάθησαι

248 1018 362 1093 ‘Ads'a
379 1017 566 1112 τυρίσδαν.
608 1008 716 1086 πάλιν
736 1007 804 1116 ᾆδ’,
832 1013 899 1099 ἴδε,
925 1005 994 1083 ταν
1010 1006 1099 1082 κύνα
1114 1003 1255 1106 βάλλει,

243 1121 301 1196 “A
315 1148 375 1193 τοι
396 1117 707 1192 adniterentur
725 1107 863 1194 σκοπός·
892 1111 916 1184 oi
940 1116 977 1187 δὲ
990 1107 1143 1206 (soloen
1263 1135 1314 1186 ιο

131 1279 134 1286 -
250 1227 317 1304 Εἰς
334 1222 402 1294 ἅλα
417 1221 624 1317 δερκομένα·
660 1211 708 1290 soi
724 1219 765 1290 δι’
778 1245 834 1288 νιν
852 1210 944 1288 καλαὶ
958 1211 1103 1308 κύματα
1121 1215 1245 1312 φαίνει

244 1325 392 1416 Ἆσυχα
414 1317 664 1416 καχλάσδοντα
687 1315 738 1394 ἐπ’
756 1323 936 1415 αἰγιαλοῖο
952 1321 1116 1394 stoicas.

251 1507 460 1530 m

315 1629 376 1670 vsu
399 1608 559 1694 loquendi
581 1607 744 1672 communi
768 1621 817 1671 est
835 1631 894 1692 pro
921 1608 1052 1672 aoristo.
1098 1606 1229 1692 Πρῶτος
1249 1629 1313 1692 pro

317 1691 469 1778 πρότερος.
495 1698 548 1756 De
564 1694 677 1756 ordine
691 1709 806 1769 autem,
818 1715 882 1776 quo
898 1709 1120 1757 concertantes
1134 1715 1245 1755 canere
1260 1717 1314 1758 so·

314 1779 442 1856 lebant,
466 1780 532 1842 vid.
549 1784 574 1842 Ι.
594 1781 636 1840 Η.
651 1779 744 1841 Voss.
760 1778 800 1838 ad
825 1778 939 1864 Virgil.
954 1781 1025 1842 Ecl.
1041 1803 1072 1864 p.
1092 1799 1160 1864 127.
1196 1779 1247 1840 Ad
1264 1802 1316 1842 va.

315 1863 346 1928 6.
361 1867 448 1928 conf.
464 1866 561 1933 Idvll.
576 1866 615 1926 V.
635 1865 686 1927 88.
717 1867 848 1940 litent]

273 1971 303 2034 7·
325 1946 461 2033 δυάερας
472 1951 621 2011 vniverse
637 1963 695 2025 eat,
721 1949 778 2032 qui
796 1971 899 2010 amare
915 1949 1030 2012 nescit.
1066 1951 1173 2013 Schol.
1188 1949 1227 2012 ad
1242 1951 1275 2014 b.
1290 1957 1314 2016 l.

272 2045 274 2048 ’
315 2032 398 2118 timi
417 2035 504 2112 εἰδώς
522 2036 606 2118 ἔρᾷν.
637 2035 690 2096 Sic
711 2049 818 2096 autem
841 2033 906 2095 dici
924 2049 1031 2116 potest
1047 2051 1113 2096 tum
1130 2037 1175 2114 is,
1201 2038 1315 2120 quiin

316 2142 454 2183 amorem
473 2135 506 2183 et
532 2118 703 2180 libidinem
727 2119 869 2180 nimium'
889 2121 1008 2180 effusus
1031 2136 1157 2183 estnec
1180 2119 1316 2184 modum

315 2206 367 2267 sui
390 2207 486 2269 habet
510 2205 623 2288 (atque
639 2204 730 2264 sich.
746 2211 767 2265 l.
786 2205 944 2290 intelligit
967 2206 1102 2282 (inscie,
1128 2207 1183 2290 qui
1198 2231 1231 2290 p.
1248 2209 1314 2285 24„

315 2293 403 2368 „etsi
423 2294 497 2366 ille,
522 2288 648 2372 inquit,
672 2288 797 2350 ferebat
818 2309 973 2366 amorem,
998 2305 1054 2350 aut
1077 2313 1180 2375 aequo
1204 2295 1316 2354 animo

315 2376 399 2438 ferre
413 2374 600 2448 simulabat,
625 2389 731 2435 tamen
757 2373 798 2435 ob
814 2374 849 2436 id
871 2375 994 2458 ipsum,
1020 2375 1107 2458 quod
1122 2400 1218 2438 ausus
1232 2393 1315 2456 erat,

317 2461 482 2524 Galateam
510 2479 631 2535 amare,
665 2459 782 2521 amoris
812 2475 844 2520 et
871 2458 1059 2542 cupiditatis
1087 2452 1317 2546 impotentiam

316 2542 578 2630 ostenderat.“);
613 2544 750 2621 tumis,
785 2545 842 2627 qui
871 2566 965 2606 v-nam
990 2545 1149 2630 quandam
1172 2553 1317 2632 puellam
1401 2579 1403 2582 ·

317 2631 444 2716 perdite
465 2645 567 2711 amat,
592 2652 609 2692 a
633 2652 695 2714 qua
719 2653 786 2691 non
806 2628 1002 2706 1·eda1natur;
1035 2647 1103 2692 tum
1124 2633 1183 2716 qui
1205 2655 1317 2697 amore

315 2733 510 2802 provocatus
530 2717 631 2777 amori
653 2738 720 2776 non
742 2713 925 2797 respondet.
970 2717 1080 2800 Atque
1102 2719 1148 2778 sic
1164 2717 1317 2804 equidem

316 2803 499 2886 intelligere
525 2801 651 2874 malim;
698 2821 763 2883 quo
792 2820 889 2860 sensu
918 2803 1065 2884 quamvis
1091 2802 1176 2863 hanc
1199 2825 1315 2866 vocem

315 2887 508 2950 Theocritus
530 2884 608 2945 alibi
630 2905 696 2944 non
718 2882 887 2960 adhibeat,
917 2899 1030 2947 tamen
1053 2908 1121 2948 non
1146 2888 1317 2972 probanda

318 2993 386 3034 esse
399 2971 529 3032 videtur
550 2968 693 3050 suspicio
708 2968 847 3030 Iacobsii
870 2971 1039 3052 proposita
1054 2973 1088 3032 in
1102 2973 1315 3038 animadvers.

209 3053 212 3060 ’
317 3055 354 3116 in
363 3056 538 3135 Theocr.p.
549 3053 638 3115 XIV.
661 3054 1011 3136 λαθιῦσαΡτοκαλεῦσα
1026 3057 1203 3122 scribentis.
1227 3059 1316 3120 Pier-

246 3213 248 3220 γ
316 3162 398 3204 sono
412 3141 537 3223 placuit
549 3141 686 3221 pslsiooe.
708 3173 752 3187 -
772 3137 898 3218 μάλαισι
911 3141 983 3203 cod.
998 3141 1082 3226 Aug.
1097 3143 1238 3206 Brunclt.
1270 3148 1315 3207 K.

249 3295 254 3306 ,
275 3225 307 3292 ξ’.
328 3225 520 3303 ποθόρι,σθα
541 3239 735 3284 revocarunt
748 3245 787 3284 ex
804 3223 876 3285 edd.
891 3227 1002 3308 primia
1025 3242 1057 3288 et
1075 3227 1147 3289 cod.
1164 3231 1235 3291 MS.
1254 3229 1317 3290 Ot-

318 3311 385 3374 tob.
399 3307 519 3370 Reiske
532 3323 565 3368 et
578 3309 733 3369 Valcken.
749 3329 766 3368 a
780 3307 955 3393 ποθόρῃμι,
979 3311 1047 3374 dor.
1066 3335 1125 3394 pro
1139 3307 1317 3398 προσορᾶω,

264 3389 269 3402 ’
317 3411 353 3456 vt
366 3417 413 3458 va.
430 3413 480 3456 aa.
496 3405 530 3453 et
545 3393 595 3457 25.
611 3396 801 3476 παθορῆσθα
816 3393 886 3457 cdd.
896 3396 979 3482 Aug.
991 3395 1107 3460 Sebell.
1124 3415 1156 3460 et
1170 3399 1315 3464 Brunck.

318 3479 392 3547 ποθ’
411 3479 544 3562 ὁρῆσθα.
558 3479 639 3538 aliae
660 3477 732 3540 edd.
748 3477 834 3562 apud
855 3481 1044 3556 flentium,
1069 3483 1147 3542 item
1169 3485 1316 3567 optimus

319 3565 367 3628 cd.
381 3565 500 3638 Parim,
524 3563 558 3622 in
582 3583 648 3646 quo
661 3565 759 3624 etiam
777 3567 927 3642 καθῆσαι.
973 3569 1071 3629 Harl.

275 3673 305 3740 9.
328 3648 438 3725 ndito,
459 3645 560 3726 α’νίδε,
581 3645 727 3714 tricarim
750 3651 891 3712 coniecit
907 3652 1039 3714 Reislte.
1082 3653 1219 3738 Vulgata
1235 3676 1316 3717 sana
1362 3675 1364 3682 ¹

318 3751 375 3802 est.
406 3731 472 3796 vid.
492 3733 626 3796 Vossius
647 3733 683 3792 in
704 3737 748 3796 N.
770 3739 929 3818 Magaris
942 3738 1008 3818 fiir
1026 3739 1224 3798 Seltullebrer
1237 3741 1263 3800 Ι.
1287 3763 1315 3806 ι.

317 3845 348 3906 p.
369 3821 438 3904 ¹59·
454 3839 519 3964 sqg.
538 3833 569 3878 et
587 3815 749 3880 Schaeferi
765 3822 880 3884 Melet.
895 3824 967 3884 crit.
982 3845 1013 3904 p.
1027 3845 1077 3902 77.
1099 3857 1143 3872 -·
1164 3823 1205 3884 A.
1221 3827 1318 3884 Mat-

318 3909 406 3968 thiae
425 3905 459 3964 in
515 3901 575 3965 bas.
592 3901 672 3964 Crit.
692 3903 726 3962 in
749 3906 903 3990 Tragicos
919 3923 1032 3990 etc.,p.
1047 3905 1099 3970 45.
1121 3909 1316 3990 suspicatur,

319 3993 415 4054 verba
435 3987 507 4053 oidr'a
522 4003 555 4048 et
568 3989 670 4072 ἅσαχα
690 3990 735 4049 sic
753 4006 821 4052 esse
842 3993 1098 4076 transponenda,
1121 4008 1159 4054 vt
1174 4015 1269 4055 versu
1284 4016 1316 4079 q.

321 4077 479 4140 scribatur
495 4073 595 4158 ἅσυχα
609 4079 779 4156 παρίσδων,
802 4081 918 4155 quiete,
942 4099 1006 4138 non
1027 4078 1176 4138 turbatus
1192 4066 1317 4141 lusibus

246 4215 250 4218 .
323 4165 491 4231 Galateam,
511 4159 632 4233 fistulo
654 4179 787 4234 coneum
816 4174 850 4221 et
862 4183 956 4222 versu
973 4182 1020 4226 η.
1043 4164 1120 4228 οἱδιά
1137 4171 1226 4248 rozi.
1271 4165 1318 4226 At
