2816 5016
227 486 537 556 tnnocnrnt
577 487 846 552 mnemon
886 491 930 560 v.
1031 495 1111 580 ,ror

458 655 722 724 contuse

58 769 112 836 Sin
128 779 166 832 et
180 775 220 832 tu
234 761 387 844 veneris,
411 773 562 827 teneram
579 760 695 826 filicem
713 759 766 826 hic
781 761 930 843 calcabis,
975 757 979 764 ’

58 873 96 938 Et
109 867 285 958 pulegium
299 864 445 932 florenst
468 876 541 930 tum
556 863 813 930 substernentur
829 886 1008 952 oepret'um

57 973 160 1040 Pelles
172 967 366 1056 quadruplo
378 965 547 1032 molliores
561 965 630 1032 istis
648 965 778 1051 agninis
790 965 882 1055 spud
896 977 939 1034 te.

59 1075 209 1143 Statum
226 1082 303 1136 octo
319 1067 508 1134 mulctralia
523 1068 607 1134 Pani
621 1066 716 1134 lectis

61 1179 212 1262 Octoqne
227 1169 358 1259 cymbis
372 1171 490 1258 plen'os
504 1171 612 1240 mellis
624 1169 719 1236 favos
733 1167 945 1238 continentis.

59 1379 154 1444 istinc
169 1395 306 1442 meeum
319 1270 561 1446 oontendeffi
569 1270 798 1439 istiiNcimon
812 1395 911 1438 osnes

62 1483 171 1546 Tuum
186 1481 299 1546 solum
313 1477 462 1554 csicens,
486 1484 562 1540 tene
575 1495 731 1560 quercus.
775 1475 840 1546 sed
855 1476 931 1562 quis
942 1473 1049 1554 nobis,

64 1581 145 1670 Quis
151 1580 259 1648 index
267 1575 353 1643 erit?
365 1575 497 1642 vtinam
506 1575 570 1642 huo
577 1573 822 1642 ecoedstboum
829 1589 943 1666 postor
950 1577 1114 1668 Lycopes.

456 1676 720 1748 COMATAS.

67 1781 154 1849 Nihil
169 1805 229 1872 ego
242 1781 343 1848 iilum
357 1779 512 1866 requiro:
535 1781 591 1846 sed
606 1780 716 1860 illum,

69 1883 101 1950 Si
114 1885 183 1964 vis,
202 1883 399 1971 lignium
414 1881 670 1958 advocabimus,
692 1880 753 1970 qui
767 1883 872 1950 orions
996 1888 999 1894 “

69 1985 138 2052 illas
152 1986 243 2076 epud
255 1998 291 2052 ts
308 1983 444 2071 colligit.
472 1995 522 2050 est
534 1985 686 2054 Morson.

72 2105 272 2130 m

125 2200 177 2240 res
201 2175 331 2248 αὕτόθε.
376 2178 515 2240 Reiskio
544 2173 717 2240 videbatur
740 2177 794 2243 hic
821 2193 918 2264 poete
940 2184 1124 2246 constantis

127 2285 202 2326 vsus
215 2269 291 2346 {esse
312 2279 349 2346 et
370 2279 510 2346 utroque
534 2267 607 2322 loco
629 2283 685 2344 eut
705 2257 819 2332 αὐτόθι
844 2259 1030 2334 αιιῑαιῖτᾶθε
1050 2287 1124 2330 erte·

128 2369 219 2413 rasse.
239 2348 280 2410 Id
293 2347 438 2412 Brunck.
455 2346 593 2431 erripuit
607 2361 639 2407 et
653 2362 791 2434 vtroque
807 2353 883 2442 lffo
897 2345 1015 2418 siries
1030 2353 1124 2436 legit.

128 2433 218 2496 Vnus
237 2434 310 2497 cod.
327 2432 419 2496 Med.
443 2453 554 2494 reeens
569 2431 764 2516 uposlpsods,
786 2438 923 2517 nuperi,
948 2435 1037 2518 quod
1056 2441 1123 2518 pls·

129 2539 199 2578 cere
217 2519 333 2602 possit.
377 2518 484 2584 suntsi
504 2538 564 2598 pro
585 2520 716 2600 vulgato
737 2519 772 2577 in
796 2517 942 2598 pluribus
968 2520 1041 2581 cdd.
1068 2519 1127 2586 stis

128 2605 230 2670 sums}
243 2605 312 2664 scil.
326 2603 384 2686 γῆν
397 2603 465 2664 sive
474 2599 588 2687 χώραν.
603 2614 650 2660 est
665 2600 882 2681 proverbium.
896 2624 929 2666 v.
945 2603 1053 2668 Schol.
1079 2607 1126 2672 K.

91 2685 137 2754 62.
161 2685 228 2774 ποί
242 2709 301 2770 pro
326 2692 463 2771 vulgato
486 2683 560 2752 ποθ’
574 2683 715 2746 Brunck.
731 2682 888 2768 probante
903 2685 1059 2753 Valcken.
1075 2688 1125 2750 id·

131 2794 193 2858 que
208 2771 420 2853 reposuimus.
437 2805 481 2821 -
497 2771 595 2834 Conf.
613 2767 704 2829 Voss.
719 2767 760 2829 sd
775 2767 893 2852 Virgii.
909 2769 980 2834 Ecl.
993 2771 1056 2850 ΠΙ,
1072 2773 1127 2860 49.

92 2857 493 3023 diiqiii.piy¹oiiperipiietiid
509 2941 545 3000 in
560 2939 625 3000 hoc
646 2938 787 3000 carmine
801 2936 943 3007 Brunclt,
964 2938 1049 3002 idem
1071 2944 1127 3022 λῆς

132 3027 200 3088 siue
215 3027 283 3088 iota
300 3023 480 3109 subscripto
496 3021 596 3086 dedit.
613 3059 657 3074 -
676 3021 896 3108 βωστρήσομες
910 3045 969 3108 pro
981 3028 1125 3094 ἐπικαλε-

133 3105 272 3191 σόμεθα,
303 3121 339 3170 vt
359 3109 406 3172 ait
429 3109 564 3196 Gregor.
585 3107 660 3172 Cor.
684 3106 724 3168 de
745 3107 820 3173 diei.
850 3131 883 3194 p.
908 3109 969 3173 131.
992 3135 1035 3166 =
1055 3105 1125 3178 285.

133 3195 187 3255 vbi
201 3217 232 3256 v.
246 3195 354 3255 Koeo.
388 3197 487 3255 Harl.
517 3195 607 3255 Vnus
627 3196 698 3255 eod.
714 3189 942 3278 βωστρήσομεν.
962 3193 1017 3256 De
1029 3197 1127 3258 verbo

133 3284 281 3362 βωστρεῖν
295 3278 489 3342 Euststhius
504 3277 621 3362 Odyss.
634 3307 667 3360 μ.
690 3301 722 3360 p.
739 3299 829 3364 1717,
857 3278 903 3342 16.
918 3305 962 3336 =
976 3277 1052 3358 481,
1077 3283 1128 3348 30.

134 3363 217 3450 stupd
231 3369 266 3430 dd
282 3369 439 3450 θεοιρίτῳ
458 3369 556 3430 κεῖται
572 3363 683 3444 »iiidice
699 3367 751 3428 nel
770 3368 823 3430 ἐπὶ
840 3365 897 3430 τοῦ
906 3368 1128 3450 ψηλαᾳητικῶς

137 3446 626 3617 sinerentur

807 3578 816 3609 ἲ

140 3621 332 3703 scoparum,
356 3619 520 3680 arboream
536 3623 632 3680 Lino.
654 3639 701 3700 sp.
717 3621 761 3700 pl.
777 3639 809 3700 p.
827 3617 899 3680 501.
918 3617 991 3682 502.
1016 3581 1129 3681 etfor1

139 3703 218 3765 sitsn
228 3705 306 3764 sliss
319 3707 429 3785 plures
443 3703 564 3765 similes
578 3705 802 3778 frutescentes,
826 3715 967 3764 nostrate
981 3703 1129 3780 maiores,

142 3787 174 3847 iu
190 3788 285 3850 Itelie
305 3801 339 3848 et
353 3786 488 3860 Oriente
511 3803 705 3865 crescentes,
729 3787 873 3872 intelligi
892 3784 1022 3866 debere,
1045 3789 1130 3849 reri·

141 3873 243 3935 simile
279 3872 335 3946 fit,
380 3871 409 3934 si
446 3871 677 3956 descriptiones
716 3886 883 3934 auctorum
921 3873 1128 3934 consulimus.

141 3959 296 4019 Solu-ebere

101 4041 153 4106 65.
173 4041 311 4104 Verbum
328 4045 538 4124 ξυληίρσθαι
557 4043 597 4104 ed
609 4043 692 4120 ἅπαξ
709 4035 874 4126 λεγόμενα,
899 4043 1010 4100 saitem
1026 4035 1067 4098 ad
1083 4058 1129 4098 rs·

140 4124 220 4185 riore
239 4127 342 4186 refert
363 4125 542 4195 Schwebel.
563 4127 603 4190 sd
624 4128 721 4190 Bion.
742 4125 836 4202 vin,
859 4121 889 4191 8.
914 4123 1028 4204 Comp.
1045 4123 1130 4180 infra

138 4209 208 4270 vll.
223 4211 273 4274 26.
316 4211 417 4272 Harl.
