2796 5024
240 479 562 546 annocum
589 478 868 546 1111111011
895 479 924 546 1
1071 501 1112 572 ta

64 651 155 718 Iunco
166 650 395 732 conciunaus3
419 673 662 741 nequeperam
677 663 781 734 curat,
1129 726 1136 740 .

63 753 266 843 lutplantas
283 766 435 837 tantum,
464 768 629 842 quantum
644 778 757 846 opere,
785 753 879 840 quod
894 756 993 842 texit,
1022 755 1115 824 dele-

59 927 212 1046 Vndique
230 963 394 1051 pocillum
415 959 523 1028 ambit
542 869 843 1044 mffliitiiiiirihus,

56 1060 225 1130 Aeolicum
238 1066 496 1155 spectaculum
512 1065 602 1153 quod
615 1063 820 1236 mirfaaculspm
836 1059 988 1130 animum
997 1062 1119 1132 obstu-

634 1188 678 1256 1³0.
714 1189 766 1248 9¹2

61 1320 260 1344 m

116 1431 178 1510 tis,
211 1433 234 1498 i.
257 1455 286 1497 e.
310 1433 442 1496 dorsum
464 1432 553 1520 quod
573 1434 690 1517 pennis
714 1437 893 1520 paullulum
915 1429 1012 1494 elatis
1026 1432 1115 1495 intu-

118 1519 258 1596 muerit,
288 1534 470 1582 taetricum
494 1519 665 1582 admodum
687 1525 801 1598 molle,
825 1535 863 1584 vt
885 1523 968 1581 solet
986 1538 1055 1582 esso
1076 1518 1113 1580 in

120 1605 260 1666 aviculis
283 1603 531 1667 dormientibus.
564 1605 761 1668 Anacreont.
790 1605 854 1667 Od.
875 1603 1038 1681 XXVIII,
1061 1621 1114 1670 21.

120 1687 201 1775 tirpa'
217 1689 343 1774 ὄμματα
357 1691 493 1772 (Horat.
511 1687 574 1753 Od.
587 1689 675 1767 1,56.
694 1713 743 1779 17.
762 1703 873 1772 putres
887 1691 1000 1771 oculi),
1025 1691 1113 1751 oculi

120 1775 322 1858 aliquantum
345 1789 524 1854 tumentes,
548 1774 692 1860 hincque
706 1777 889 1850 molliores,
915 1778 1024 1858 quales
1038 1789 1116 1835 sunt

121 1861 259 1921 lacrinris
274 1875 331 1922 aut
344 1859 480 1926 humore
494 1859 618 1923 suffusi.
627 1897 670 1910 -
691 1861 850 1945 Virgilius
865 1861 978 1945 Eclog.
990 1859 1054 1934 ΠΙ,
1061 1857 1115 1924 45.

124 1943 292 2008 Theocriti
321 1943 419 2030 dyeia
441 1947 579 2013 ἄκανθον
607 1949 731 2008 mollem
763 1947 939 2007 acanthum
960 1942 1115 2022 reddidit,

125 2030 211 2110 quod
224 2053 293 2094 non
311 2031 378 2091 nisi
393 2047 516 2114 partem
531 2032 692 2116 imaginis,
711 2051 792 2115 quae
808 2030 843 2089 in
854 2031 978 2092 Graeco
991 2041 1051 2104 est,
1061 2049 1116 2090 ex·

123 2117 245 2196 primic.
288 2118 379 2179 Inest
401 2117 486 2178 enim
509 2117 604 2178 etiam
619 2116 694 2194 hoc,
711 2113 800 2200 quod
815 2113 957 2176 flectitur
968 2113 1065 2176 heile
1081 2128 1116 2176 et

123 2203 342 2286 amplectitur.
355 2201 482 2278 omnis,
505 2217 541 2263 vt
560 2217 727 2287 surgentes
750 2199 867 2263 herbae
879 2202 1006 2284 plures,
1032 2219 1115 2283 quae

122 2306 218 2350 succo
233 2288 356 2348 leuiter
370 2299 511 2372 turgent.
533 2288 698 2349 Hactenus
711 2285 862 2350 Beckius.
886 2285 947 2346 Vir
970 2329 978 2348 .
995 2284 1082 2345 Geor
1104 2331 1113 2348 .

119 2369 184 2450 IV,
209 2369 281 2437 123.
304 2375 391 2449 flexi
408 2365 514 2432 vimen
537 2374 681 2432 acanthi.
711 2370 796 2432 Ptin.
818 2369 925 2456 Epist.
979 2367 1041 2444 ,6.
1066 2303 1104 2434 lb

121 2459 279 2518 acanthus
294 2462 332 2516 in
343 2459 444 2537 plano
457 2457 579 2530 mollis,
603 2471 651 2532 et,
671 2477 775 2538 paene
789 2457 935 2531 dixerim,
959 2453 1112 2536 liquidus.

123 2539 156 2622 §.
171 2541 219 2605 56.
239 2543 403 2603 acanthus
418 2543 579 2604 hincinde
595 2543 734 2602 lubricam
748 2553 779 2601 et
783 2544 959 2619 flexuosus.
1003 2537 1115 2602 Nicia·

130 2626 197 2688 sius
217 2627 254 2688 sd
271 2635 383 2690 locum
404 2624 568 2689 Theocrit.
585 2626 666 2688 haeo
680 2625 796 2688 habet:
820 2624 956 2710 „pingit
968 2623 1032 2685 hoc
1048 2625 1116 2706 epi·
1165 2647 1176 2666 ·

125 2711 260 2788 „theton
277 2711 363 2774 illud
379 2731 479 2796 genus
493 2710 635 2788 acanthi,
660 2708 749 2794 quod
763 2713 854 2771 laeve
869 2722 917 2768 est
934 2721 967 2767 et
982 2703 1117 2790 proprio

125 2797 282 2874 „nomine
312 2798 483 2880 nutdthmc,
517 2797 595 2858 item
615 2793 831 2880 μελάμφυλλον
851 2790 964 2868 audit,
997 2791 1050 2852 cui
1077 2791 1116 2851 ab

121 2883 300 2960 s‚Dioscor.
311 2881 384 2958 m,
404 2902 453 2967 19.
480 2879 582 2966 φύλλα
605 2883 673 2948 λεῖα
694 2895 729 2943 et
744 2873 858 2954 καυλδς
875 2879 952 2952 λεῖος
968 2873 1117 2937 tribuun-

122 2983 219 3044 „tur,
255 2988 330 3029 oum
360 2971 496 3029 alterum
521 2987 623 3051 genus
641 2968 826 3028 aculeatum
847 2961 892 3024 sit
916 2976 950 3024 et
967 2966 1116 3042 crispum.
1157 2967 1166 2975 '

122 3053 232 3129 „Plim
252 3051 363 3116 XXII.
385 3052 471 3118 511·
507 3051 592 3114 Add.
613 3049 762 3134 inprimis
782 3047 916 3112 Vossius
940 3045 981 3108 ad
1001 3045 1062 3108 Vir
1087 3047 1118 3112 ’1.
1136 3079 1143 3118 “,

122 3137 192 3204 Ecl.
207 3161 241 3223 p.
259 3138 332 3204 1²5.
365 3139 478 3205 Παντᾶ
489 3136 644 3205 Valcken.
660 3135 760 3196 Dahl.
776 3131 904 3199 Jacobs.
917 3153 949 3195 v.
965 3128 1006 3192 ad
1021 3131 1068 3195 VI
1088 3133 1116 3208 I,

123 3221 174 3288 41.
193 3221 296 3292 πάντα
316 3223 446 3285 Reislte.
481 3237 519 3286 vt
537 3221 654 3284 beders
675 3219 875 3304 superiorem
893 3215 1008 3305 poculi
1030 3237 1118 3278 oram

124 3303 284 3386 ambibat,
319 3310 368 3374 sic
387 3308 577 3372 inferiorem
597 3306 755 3390 binasque
777 3325 869 3365 ansas
889 3300 1046 3363 acanthus
1068 3323 1118 3364 or·

126 3395 230 3456 nabat.
275 3394 394 3458 Kiessl.
481 3409 484 3418 '

90 3475 135 3545 56.
156 3477 314 3567 uiolanda]
338 3493 446 3556 recte,
479 3497 578 3563 quum
601 3490 699 3540 nauta
718 3475 787 3538 sive
809 3487 983 3550 mercator,
1007 3492 1026 3533 a
1051 3493 1141 3558 quo,

127 3586 212 3628 suum
235 3566 500 3648 inudpoculum
521 3575 638 3624 emerat
659 3558 854 3647 aliquando,
893 3559 1018 3620 t'antum
1040 3558 1119 3620 artis

126 3649 326 3714 admirandae
342 3649 550 3732 prodigium,
571 3659 609 3708 vt
627 3646 790 3727 ttyrctdta
801 3643 888 3704 illud
899 3655 1034 3703 mentem
1047 3655 1120 3702 atu-

120 3737 295 3820 pefaceret,
322 3733 428 3796 fuerit
448 3731 648 3816 Calydonius
671 3731 740 3794 sive
762 3729 927 3791 Aeolicus.
955 3749 990 3795 v.
1010 3726 1120 3789 Schol.

122 3823 253 3886 Casaub.
274 3839 312 3886 et
333 3821 531 3902 interpretes
546 3814 632 3877 adh.
648 3819 670 3876 l.
688 3827 721 3875 at
744 3835 786 3874 ue
803 3813 948 3894 Hesych.
965 3812 1023 3873 sub
1041 3810 1074 3874 h.
1089 3833 1124 3879 v.

117 3909 224 3996 ibique
236 3905 386 3970 Alberti.
409 3903 587 3988 Vulgatum
600 3903 769 3978 uiuoisxor,
791 3895 880 3997 quod
893 3913 931 3959 vt
942 3897 978 3958 in
992 3895 1123 3979 scriptis

116 3997 286 4062 codicibus
313 3989 487 4076 plerisque
507 3985 735 4068 veteribusque
754 3981 975 4056 editionibus,
1007 3981 1054 4041 ita
1074 3997 1122 4042 et·

112 4085 170 4149 iam
195 4081 311 4146 estin
337 4073 415 4137 cod.
435 4073 572 4157 August.
594 4072 616 4132 i.
633 4067 868 4154 uuospmso'u,
890 4071 996 4150 placet
1012 4065 1124 4127 Koch·
1222 4131 1225 4136 .

107 4177 179 4238 lero,
205 4157 413 4255 [Αἰπολικόν
433 4162 485 4218 vel
504 4171 675 4240 propterea
698 4175 765 4215 non
789 4149 1010 4237 probandum,
1035 4147 1125 4231 quod
1196 4159 1202 4172 ‘

106 4275 181 4326 teste
202 4246 393 4322 Clitarcho
407 4264 459 4330 ap.
474 4241 593 4306 Athen.
607 4241 667 4305 XI.
682 4264 712 4326 7.
735 4239 852 4306 Aeolus
865 4233 918 4306 aab
934 4230 1051 4318 σκύφον
1065 4255 1123 4296 vo-

1105 2414 1115 2434 0
