2956 5020
516 1919 1089 1996 aaovueurvu
1209 1907 1213 1914 '

594 2109 852 2178 IDYLLII
892 2115 1007 2179 xvl.

354 2335 515 2419 Scriptum
538 2347 586 2398 est
607 2335 672 2400 hoo
697 2355 823 2398 carmen
847 2335 883 2398 in
902 2335 1029 2400 laudem
1048 2337 1223 2413 Hieronis,
1252 2332 1334 2398 His·

151 2483 152 2488 ’
265 2464 365 2532 toclis
380 2461 463 2536 lilii,
494 2463 578 2550 regis
594 2477 662 2526 tunr
685 2461 805 2526 eximin
825 2463 1037 2550 temperantia
1052 2481 1086 2528 et
1099 2463 1332 2540 moderatione,

266 2607 338 2656 tum
350 2590 467 2652 bellica
482 2589 595 2668 laude,
618 2591 654 2650 in
669 2590 788 2676 pugnis
803 2613 877 2654 cum
891 2588 1213 2679 Carthaginiensibus
1228 2605 1332 2676 parta,

265 2715 521 2804 praeclarissimi.
564 2717 717 2780 Procedit
736 2733 833 2802 poeta
856 2742 874 2780 a
896 2720 1037 2805 querelis
1055 2717 1094 2784 de
1121 2718 1210 2802 turpi
1231 2717 1334 2801 pluri·

264 2829 390 2910 morum
404 2843 588 2929 principum
605 2845 759 2920 avaritia,
782 2867 864 2930 quae
887 2861 921 2908 et
944 2847 1067 2933 gloriae
1084 2861 1118 2909 et
1140 2841 1247 2906 laudis
1264 2857 1333 2906 stu·

266 2971 359 3035 dium
375 2969 571 3056 restinguat,
594 2991 655 3036 nec
669 2991 724 3033 eos
738 2987 868 3055 poetas,
896 2973 1030 3036 virtutis
1043 2972 1244 3058 praeconea‚‘
1266 2991 1332 3033 me-

262 3099 338 3163 ritis
349 3097 498 3183 praemiis
513 3093 639 3160 afficere
653 3097 756 3177 sinat,
787 3119 887 3184 quum
907 3076 1014 3164 tamen
1032 3098 1118 3162 nihil
1134 3098 1178 3159 sit
1190 3101 1331 3181 praecla-

263 3205 352 3302 rius,
380 3223 467 3286 nihil
482 3224 669 3307 exoptatius
685 3246 778 3310 quam
795 3225 996 3311 posteritatis
1013 3248 1085 3288 cum
1098 3223 1197 3300 laude
1210 3244 1331 3287 memo·

260 3353 330 3430 ria,
364 3371 447 3436 quse
465 3351 531 3413 nisi
548 3365 717 3435 poetarum
745 3353 854 3415 studio
882 3353 1056 3417 accedente
1080 3352 1256 3436 comparari
1275 3372 1332 3413 ne·

261 3477 370 3566 queat.
387 3511 433 3528 ·-
451 3475 504 3564 59·
524 3479 610 3538 Tum
631 3475 671 3539 ad
693 3479 851 3542 Hieronis
870 3479 1008 3542 virtutes
1027 3477 1232 3541 celebrandas
1253 3499 1328 3562 pro·

179 3619 184 3624 '
260 3603 407 3694 greditur
423 3604 488 3682 ita,
518 3617 555 3667 vt
573 3625 646 3666 eum
666 3625 706 3667 err
728 3606 932 3671 sordidorum
953 3607 1084 3668 illorum
1107 3626 1242 3686 numero
1259 3604 1330 3668 exi·

258 3755 349 3796 mens
372 3731 614 3794 munificentiae
637 3744 671 3792 et
700 3730 904 3796 liberalitatis
927 3731 1023 3796 laude
1045 3747 1191 3794 exornet.
1212 3765 1255 3782 ·-
1274 3727 1326 3796 82.

258 3859 487 3926 Subiiciuntur
507 3873 583 3920 vota
604 3879 665 3942 pro
686 3859 797 3920 futura
811 3859 899 3922 vrbis
915 3861 1142 3943 Syracusarum
1156 3855 1329 3920 incolumi·

256 4001 378 4050 tate-
391 4006 442 4074 97.
457 3999 490 4046 ot
505 3985 681 4063 Hieronis,
714 3985 768 4046 cui
790 3985 864 4047 illae
886 3985 1095 4048 invidentiam
1115 3979 1205 4046 sua'm
1220 3983 1328 4048 felici·

256 4128 355 4202 tatem
378 4110 533 4188 debeant,
571 4113 687 4174 famam
714 4133 920 4197 peromnem
943 4129 1100 4176 terrarum
1120 4111 1229 4175 orbam
1253 4111 1328 4174 illu·

258 4257 353 4304 strena
375 4241 447 4324 lore
462 4253 648 4326 auguratur.
669 4273 707 4290 -
738 4240 808 4306 103.
851 4243 891 4304 In
912 4241 1071 4332 poematis
1087 4240 1181 4306 exitu
1198 4239 1328 4310 Gratias
