<?xml version="1.0" encoding="UTF-8"?>
<!DOCTYPE html PUBLIC "-//W3C//DTD XHTML 1.0 Transitional//EN"
    "http://www.w3.org/TR/xhtml1/DTD/xhtml1-transitional.dtd">
<html xmlns="http://www.w3.org/1999/xhtml" xml:lang="en" lang="en">
 <head>
  <title>
</title>
<meta http-equiv="Content-Type" content="text/html;charset=utf-8" />
  <meta name='ocr-system' content='tesseract 3.04.00' />
  <meta name='ocr-capabilities' content='ocr_page ocr_carea ocr_par ocr_line ocrx_word'/>
</head>
<body>
  <div class='ocr_page' id='page_1' title='image "./theocritireliqv00kiesgoog_0755.png"; bbox 0 0 2918 5020; ppageno 0'>
   <div class='ocr_carea' id='block_1_1' title="bbox 275 439 1302 530">
    <p class='ocr_par' dir='ltr' id='par_1_1' title="bbox 275 439 1302 530">
     <span class='ocr_line' id='line_1_1' title="bbox 275 439 1302 530; baseline 0.016 -25"><span class='ocrx_word' id='word_1_1' title='bbox 275 439 339 530; x_wconf 79' lang='lat'><strong>746</strong></span> <span class='ocrx_word' id='word_1_2' title='bbox 442 443 1091 519; x_wconf 64' lang='lat' dir='ltr'><strong>eaorarrorararraron</strong></span> <span class='ocrx_word' id='word_1_3' title='bbox 1114 447 1180 520; x_wconf 70' lang='grc' dir='ltr'><strong>ιν.</strong></span> <span class='ocrx_word' id='word_1_4' title='bbox 1296 495 1302 505; x_wconf 88' lang='grc'>-</span> 
     </span>
    </p>
   </div>
   <div class='ocr_carea' id='block_1_2' title="bbox 269 619 1144 1068">
    <p class='ocr_par' dir='ltr' id='par_1_2' title="bbox 270 619 1144 862">
     <span class='ocr_line' id='line_1_2' title="bbox 283 619 1144 756; baseline 0.008 -27"><span class='ocrx_word' id='word_1_5' title='bbox 283 619 412 740; x_wconf 73' lang='lat' dir='ltr'><strong>Oinoe</strong></span> <span class='ocrx_word' id='word_1_6' title='bbox 419 715 435 750; x_wconf 88' lang='lat'><em>,</em></span> <span class='ocrx_word' id='word_1_7' title='bbox 460 655 490 734; x_wconf 85' lang='lat' dir='ltr'><strong>ni</strong></span> <span class='ocrx_word' id='word_1_8' title='bbox 504 659 587 756; x_wconf 73' lang='lat' dir='ltr'><strong>pile</strong></span> <span class='ocrx_word' id='word_1_9' title='bbox 601 667 690 750; x_wconf 80' lang='grc' dir='ltr'><strong><em>ποῖ,</em></strong></span> <span class='ocrx_word' id='word_1_10' title='bbox 715 659 882 752; x_wconf 70' lang='grc' dir='ltr'><strong>λέγεται,</strong></span> <span class='ocrx_word' id='word_1_11' title='bbox 908 661 971 734; x_wconf 74' lang='lat' dir='ltr'><strong>sai</strong></span> <span class='ocrx_word' id='word_1_12' title='bbox 987 654 1144 736; x_wconf 57' lang='lat' dir='ltr'><strong>fldem·</strong></span> 
     </span>
     <span class='ocr_line' id='line_1_3' title="bbox 270 757 1103 862; baseline -0.002 -24"><span class='ocrx_word' id='word_1_13' title='bbox 270 763 430 856; x_wconf 77' lang='grc' dir='ltr'><em>Κᾶμμες</em></span> <span class='ocrx_word' id='word_1_14' title='bbox 443 757 513 862; x_wconf 78' lang='grc' dir='ltr'><strong>χρή</strong></span> <span class='ocrx_word' id='word_1_15' title='bbox 528 757 739 857; x_wconf 72' lang='grc' dir='ltr'><strong><em>μεθύοντος</em></strong></span> <span class='ocrx_word' id='word_1_16' title='bbox 755 761 918 844; x_wconf 64' lang='lat' dir='ltr'><strong>clodiae</strong></span> <span class='ocrx_word' id='word_1_17' title='bbox 934 767 1103 856; x_wconf 69' lang='grc' dir='ltr'><strong>ἔμμεναι.</strong></span> 
     </span>
    </p>

    <p class='ocr_par' dir='ltr' id='par_1_3' title="bbox 269 861 1124 1068">
     <span class='ocr_line' id='line_1_4' title="bbox 269 861 1124 964; baseline -0.002 -23"><span class='ocrx_word' id='word_1_18' title='bbox 269 861 405 962; x_wconf 72' lang='grc' dir='ltr'><strong><em>Κήγιδν</em></strong></span> <span class='ocrx_word' id='word_1_19' title='bbox 422 871 492 961; x_wconf 77' lang='grc' dir='ltr'><strong>μὲν</strong></span> <span class='ocrx_word' id='word_1_20' title='bbox 509 863 717 964; x_wconf 67' lang='grc' dir='ltr'><strong><em>ια’-φρενῶν</em></strong></span> <span class='ocrx_word' id='word_1_21' title='bbox 736 870 823 960; x_wconf 80' lang='grc' dir='ltr'><strong><em>ἐρέω</em></strong></span> <span class='ocrx_word' id='word_1_22' title='bbox 840 864 937 942; x_wconf 72' lang='lat' dir='ltr'><strong>us&#39;ur&#39;</strong></span> <span class='ocrx_word' id='word_1_23' title='bbox 954 873 993 940; x_wconf 77' lang='grc' dir='ltr'><strong>ἐν</strong></span> <span class='ocrx_word' id='word_1_24' title='bbox 1008 868 1124 961; x_wconf 77' lang='grc' dir='ltr'><strong>μυχῷ.</strong></span> 
     </span>
     <span class='ocr_line' id='line_1_5' title="bbox 272 965 1124 1068; baseline -0.002 -24"><span class='ocrx_word' id='word_1_25' title='bbox 272 967 352 1059; x_wconf 80' lang='grc' dir='ltr'><strong>Οὐχ</strong></span> <span class='ocrx_word' id='word_1_26' title='bbox 370 969 456 1053; x_wconf 82' lang='grc' dir='ltr'><strong><em>ὅλας</em></strong></span> <span class='ocrx_word' id='word_1_27' title='bbox 472 975 611 1067; x_wconf 74' lang='grc' dir='ltr'><strong><em>φιλέειν</em></strong></span> <span class='ocrx_word' id='word_1_28' title='bbox 626 969 664 1063; x_wconf 82' lang='grc' dir='ltr'><strong>μ’</strong></span> <span class='ocrx_word' id='word_1_29' title='bbox 682 969 852 1068; x_wconf 75' lang='grc' dir='ltr'><strong><em>ἐθε’ληοθ’</em></strong></span> <span class='ocrx_word' id='word_1_30' title='bbox 868 965 944 1043; x_wconf 69' lang='lat' dir='ltr'><strong>dud</strong></span> <span class='ocrx_word' id='word_1_31' title='bbox 960 973 1124 1068; x_wconf 71' lang='grc' dir='ltr'><strong>καρδίας,</strong></span> 
     </span>
    </p>
   </div>
   <div class='ocr_carea' id='block_1_3' title="bbox 217 1068 1344 1788">
    <p class='ocr_par' dir='ltr' id='par_1_4' title="bbox 217 1068 1344 1788">
     <span class='ocr_line' id='line_1_6' title="bbox 268 1068 1344 1170; baseline -0.001 -22"><span class='ocrx_word' id='word_1_32' title='bbox 268 1075 308 1148; x_wconf 87' lang='grc' dir='ltr'><em>Γ</em></span> <span class='ocrx_word' id='word_1_33' title='bbox 304 1068 452 1148; x_wconf 61' lang='lat' dir='ltr'><strong>raucam·</strong></span> <span class='ocrx_word' id='word_1_34' title='bbox 470 1103 515 1147; x_wconf 86' lang='grc' dir='ltr'><strong>το</strong></span> <span class='ocrx_word' id='word_1_35' title='bbox 531 1069 602 1170; x_wconf 77' lang='lat' dir='ltr'><strong>ydp</strong></span> <span class='ocrx_word' id='word_1_36' title='bbox 621 1073 736 1167; x_wconf 85' lang='grc' dir='ltr'><strong><em>ἅμισο</em></strong></span> <span class='ocrx_word' id='word_1_37' title='bbox 751 1076 817 1156; x_wconf 78' lang='grc' dir='ltr'><strong>τᾶς</strong></span> <span class='ocrx_word' id='word_1_38' title='bbox 835 1081 932 1161; x_wconf 75' lang='grc' dir='ltr'><strong><em>ζοΐας</em></strong></span> <span class='ocrx_word' id='word_1_39' title='bbox 948 1075 1032 1164; x_wconf 78' lang='grc' dir='ltr'><strong><em>ἔχω,</em></strong></span> <span class='ocrx_word' id='word_1_40' title='bbox 1319 1079 1344 1147; x_wconf 81' lang='grc'><strong>5</strong></span> 
     </span>
     <span class='ocr_line' id='line_1_7' title="bbox 268 1169 1108 1272; baseline -0.002 -22"><span class='ocrx_word' id='word_1_41' title='bbox 268 1178 326 1272; x_wconf 75' lang='grc' dir='ltr'><strong>Ζῇ</strong></span> <span class='ocrx_word' id='word_1_42' title='bbox 340 1171 410 1250; x_wconf 73' lang='lat' dir='ltr'><strong>cdv</strong></span> <span class='ocrx_word' id='word_1_43' title='bbox 428 1171 497 1249; x_wconf 76' lang='lat' dir='ltr'><strong>oria</strong></span> <span class='ocrx_word' id='word_1_44' title='bbox 515 1181 637 1266; x_wconf 78' lang='grc' dir='ltr'><strong><em>ἰδέαν,</em></strong></span> <span class='ocrx_word' id='word_1_45' title='bbox 664 1169 711 1250; x_wconf 79' lang='lat' dir='ltr'><strong>cd</strong></span> <span class='ocrx_word' id='word_1_46' title='bbox 726 1178 763 1250; x_wconf 81' lang='lat' dir='ltr'><strong>di</strong></span> <span class='ocrx_word' id='word_1_47' title='bbox 781 1171 911 1252; x_wconf 77' lang='grc' dir='ltr'><strong><em>λοιπον</em></strong></span> <span class='ocrx_word' id='word_1_48' title='bbox 929 1171 1108 1250; x_wconf 74' lang='grc' dir='ltr'><strong>ἀπώλετο.</strong></span> 
     </span>
     <span class='ocr_line' id='line_1_8' title="bbox 266 1274 1143 1376; baseline 0 -24"><span class='ocrx_word' id='word_1_49' title='bbox 266 1277 408 1352; x_wconf 79' lang='grc' dir='ltr'><strong><em>Χῶταν</em></strong></span> <span class='ocrx_word' id='word_1_50' title='bbox 422 1282 492 1374; x_wconf 81' lang='grc' dir='ltr'><strong>μὲν</strong></span> <span class='ocrx_word' id='word_1_51' title='bbox 507 1274 554 1352; x_wconf 70' lang='grc' dir='ltr'><strong>τιν’</strong></span> <span class='ocrx_word' id='word_1_52' title='bbox 567 1283 675 1375; x_wconf 73' lang='grc' dir='ltr'><strong><em>θέλῃς</em></strong></span> <span class='ocrx_word' id='word_1_53' title='bbox 682 1333 696 1368; x_wconf 89' lang='lat'>,</span> <span class='ocrx_word' id='word_1_54' title='bbox 721 1275 948 1376; x_wconf 67' lang='grc' dir='ltr'><strong><em>μακάρεσσιν</em></strong></span> <span class='ocrx_word' id='word_1_55' title='bbox 966 1287 1051 1352; x_wconf 82' lang='grc' dir='ltr'><strong><em>ι’σαν</em></strong></span> <span class='ocrx_word' id='word_1_56' title='bbox 1066 1279 1143 1373; x_wconf 74' lang='grc' dir='ltr'><strong>ἄγιν</strong></span> 
     </span>
     <span class='ocr_line' id='line_1_9' title="bbox 217 1376 1203 1480; baseline -0.006 -22"><span class='ocrx_word' id='word_1_57' title='bbox 217 1377 222 1386; x_wconf 67' lang='grc'><strong>’</strong></span> <span class='ocrx_word' id='word_1_58' title='bbox 265 1379 444 1479; x_wconf 77' lang='grc' dir='ltr'><strong><em>’Λμέριιν</em></strong></span> <span class='ocrx_word' id='word_1_59' title='bbox 467 1383 535 1456; x_wconf 71' lang='grc' dir='ltr'><strong>ὅκα</strong></span> <span class='ocrx_word' id='word_1_60' title='bbox 551 1379 581 1456; x_wconf 79' lang='lat' dir='ltr'><strong>d</strong></span> <span class='ocrx_word' id='word_1_61' title='bbox 597 1381 663 1454; x_wconf 77' lang='lat' dir='ltr'><strong>oria</strong></span> <span class='ocrx_word' id='word_1_62' title='bbox 681 1385 807 1480; x_wconf 74' lang='grc' dir='ltr'><em>ἐθέλῃς</em></span> <span class='ocrx_word' id='word_1_63' title='bbox 822 1379 891 1473; x_wconf 76' lang='lat' dir='ltr'><strong>cti,</strong></span> <span class='ocrx_word' id='word_1_64' title='bbox 916 1376 1002 1476; x_wconf 73' lang='grc' dir='ltr'><strong>μόλ’</strong></span> <span class='ocrx_word' id='word_1_65' title='bbox 1019 1388 1058 1456; x_wconf 81' lang='grc' dir='ltr'><strong>ἐν</strong></span> <span class='ocrx_word' id='word_1_66' title='bbox 1075 1377 1203 1476; x_wconf 73' lang='grc' dir='ltr'><strong>σκότῳ.</strong></span> 
     </span>
     <span class='ocr_line' id='line_1_10' title="bbox 268 1479 1211 1583; baseline 0.001 -25"><span class='ocrx_word' id='word_1_67' title='bbox 268 1487 354 1566; x_wconf 79' lang='grc' dir='ltr'><strong>Παῖς</strong></span> <span class='ocrx_word' id='word_1_68' title='bbox 369 1483 473 1558; x_wconf 78' lang='grc' dir='ltr'><strong><em>τοῦτ’</em></strong></span> <span class='ocrx_word' id='word_1_69' title='bbox 488 1486 632 1583; x_wconf 77' lang='grc' dir='ltr'><em>ἄρμενα</em></span> <span class='ocrx_word' id='word_1_70' title='bbox 640 1542 655 1575; x_wconf 92' lang='lat'><em>,</em></span> <span class='ocrx_word' id='word_1_71' title='bbox 681 1479 749 1560; x_wconf 74' lang='lat' dir='ltr'><strong>rtis</strong></span> <span class='ocrx_word' id='word_1_72' title='bbox 765 1483 925 1582; x_wconf 78' lang='grc' dir='ltr'><strong><em>φιλέοντ’</em></strong></span> <span class='ocrx_word' id='word_1_73' title='bbox 941 1483 1061 1566; x_wconf 73' lang='grc' dir='ltr'><strong><em>ἁνίαις</em></strong></span> <span class='ocrx_word' id='word_1_74' title='bbox 1078 1487 1187 1559; x_wconf 75' lang='lat' dir='ltr'><strong>dedui&#39;r</strong></span> <span class='ocrx_word' id='word_1_75' title='bbox 1194 1515 1211 1579; x_wconf 80' lang='lat'><strong>,⁰</strong></span> 
     </span>
     <span class='ocr_line' id='line_1_11' title="bbox 265 1585 1340 1686; baseline 0 -24"><span class='ocrx_word' id='word_1_76' title='bbox 265 1585 364 1662; x_wconf 78' lang='lat' dir='ltr'><strong>&#39;All&#39;</strong></span> <span class='ocrx_word' id='word_1_77' title='bbox 381 1593 425 1660; x_wconf 83' lang='grc' dir='ltr'><strong>οἱ</strong></span> <span class='ocrx_word' id='word_1_78' title='bbox 435 1591 504 1681; x_wconf 84' lang='grc' dir='ltr'><strong>μοι’</strong></span> <span class='ocrx_word' id='word_1_79' title='bbox 518 1617 557 1661; x_wconf 80' lang='grc' dir='ltr'><strong>τι</strong></span> <span class='ocrx_word' id='word_1_80' title='bbox 569 1592 725 1678; x_wconf 78' lang='grc' dir='ltr'><strong><em>πίθοιο,</em></strong></span> <span class='ocrx_word' id='word_1_81' title='bbox 751 1595 830 1670; x_wconf 77' lang='grc' dir='ltr'><strong><em>νέος</em></strong></span> <span class='ocrx_word' id='word_1_82' title='bbox 841 1591 1127 1686; x_wconf 68' lang='grc' dir='ltr'><strong><em>προγενεστέρῳ,</em></strong></span> <span class='ocrx_word' id='word_1_83' title='bbox 1295 1613 1340 1664; x_wconf 83' lang='grc' dir='ltr'><strong>ιο</strong></span> 
     </span>
     <span class='ocr_line' id='line_1_12' title="bbox 271 1686 1076 1788; baseline -0.001 -21"><span class='ocrx_word' id='word_1_84' title='bbox 271 1691 332 1786; x_wconf 78' lang='grc' dir='ltr'><strong>Τῷ</strong></span> <span class='ocrx_word' id='word_1_85' title='bbox 347 1719 408 1766; x_wconf 75' lang='grc' dir='ltr'><strong>νιν</strong></span> <span class='ocrx_word' id='word_1_86' title='bbox 428 1688 536 1766; x_wconf 72' lang='grc' dir='ltr'><strong><em>λώϊον</em></strong></span> <span class='ocrx_word' id='word_1_87' title='bbox 552 1686 664 1774; x_wconf 70' lang='grc' dir='ltr'><strong><em>οὖτος</em></strong></span> <span class='ocrx_word' id='word_1_88' title='bbox 679 1695 770 1784; x_wconf 80' lang='grc' dir='ltr'><strong><em>ἔχων</em></strong></span> <span class='ocrx_word' id='word_1_89' title='bbox 787 1691 842 1788; x_wconf 81' lang='grc' dir='ltr'><strong>ἔμ’</strong></span> <span class='ocrx_word' id='word_1_90' title='bbox 857 1695 1076 1774; x_wconf 61' lang='lat' dir='ltr'><strong>macetran-</strong></span> 
     </span>
    </p>
   </div>
   <div class='ocr_carea' id='block_1_4' title="bbox 317 1949 1442 3822">
    <p class='ocr_par' dir='ltr' id='par_1_5' title="bbox 317 1949 1442 3830">
     <span class='ocr_line' id='line_1_13' title="bbox 328 1949 1336 2038; baseline 0.006 -28"><span class='ocrx_word' id='word_1_91' title='bbox 328 1955 396 2010; x_wconf 90' lang='lat' dir='ltr'><strong>mul</strong></span> <span class='ocrx_word' id='word_1_92' title='bbox 415 1951 537 2014; x_wconf 84' lang='lat' dir='ltr'><strong>erroris</strong></span> <span class='ocrx_word' id='word_1_93' title='bbox 558 1950 790 2038; x_wconf 85' lang='lat' dir='ltr'><strong>cognoscitur,</strong></span> <span class='ocrx_word' id='word_1_94' title='bbox 821 1965 856 2012; x_wconf 89' lang='lat' dir='ltr'><strong>et</strong></span> <span class='ocrx_word' id='word_1_95' title='bbox 869 1950 1084 2018; x_wconf 80' lang='lat' dir='ltr'><strong>Scholiastam</strong></span> <span class='ocrx_word' id='word_1_96' title='bbox 1098 1949 1247 2014; x_wconf 82' lang='lat' dir='ltr'><strong>Platonis</strong></span> <span class='ocrx_word' id='word_1_97' title='bbox 1269 1950 1336 2016; x_wconf 88' lang='lat' dir='ltr'><strong>duo</strong></span> 
     </span>
     <span class='ocr_line' id='line_1_14' title="bbox 326 2035 1335 2114; baseline 0 -18"><span class='ocrx_word' id='word_1_98' title='bbox 326 2037 398 2096; x_wconf 87' lang='lat' dir='ltr'><strong>loca</strong></span> <span class='ocrx_word' id='word_1_99' title='bbox 414 2037 559 2100; x_wconf 82' lang='lat' dir='ltr'><strong>eiusdem</strong></span> <span class='ocrx_word' id='word_1_100' title='bbox 568 2037 751 2102; x_wconf 83' lang='lat' dir='ltr'><strong>sententiae</strong></span> <span class='ocrx_word' id='word_1_101' title='bbox 766 2035 966 2114; x_wconf 80' lang='lat' dir='ltr'><strong>confudisse,</strong></span> <span class='ocrx_word' id='word_1_102' title='bbox 991 2054 1024 2098; x_wconf 85' lang='lat' dir='ltr'><strong>ot</strong></span> <span class='ocrx_word' id='word_1_103' title='bbox 1036 2039 1157 2100; x_wconf 83' lang='lat' dir='ltr'><strong>Alcaeo</strong></span> <span class='ocrx_word' id='word_1_104' title='bbox 1170 2037 1335 2112; x_wconf 71' lang='lat' dir='ltr'>tribuisse,</span> 
     </span>
     <span class='ocr_line' id='line_1_15' title="bbox 328 2119 1337 2206; baseline 0.005 -27"><span class='ocrx_word' id='word_1_105' title='bbox 328 2119 417 2202; x_wconf 92' lang='lat' dir='ltr'><strong>quod</strong></span> <span class='ocrx_word' id='word_1_106' title='bbox 433 2123 604 2186; x_wconf 82' lang='lat' dir='ltr'><strong>Theocriti</strong></span> <span class='ocrx_word' id='word_1_107' title='bbox 619 2138 721 2199; x_wconf 86' lang='lat' dir='ltr'><strong>esset,</strong></span> <span class='ocrx_word' id='word_1_108' title='bbox 746 2123 953 2206; x_wconf 77' lang='lat' dir='ltr'><strong>intelligitur.</strong></span> <span class='ocrx_word' id='word_1_109' title='bbox 977 2123 1128 2186; x_wconf 76' lang='lat' dir='ltr'><strong>Forsitan</strong></span> <span class='ocrx_word' id='word_1_110' title='bbox 1143 2121 1337 2184; x_wconf 87' lang='lat' dir='ltr'><strong>tameuhaec</strong></span> 
     </span>
     <span class='ocr_line' id='line_1_16' title="bbox 327 2205 1335 2292; baseline 0.005 -29"><span class='ocrx_word' id='word_1_111' title='bbox 327 2225 395 2267; x_wconf 86' lang='lat' dir='ltr'><strong>non</strong></span> <span class='ocrx_word' id='word_1_112' title='bbox 418 2224 465 2270; x_wconf 87' lang='lat' dir='ltr'><strong>est</strong></span> <span class='ocrx_word' id='word_1_113' title='bbox 479 2207 683 2272; x_wconf 87' lang='lat' dir='ltr'><strong>Scholiastae</strong></span> <span class='ocrx_word' id='word_1_114' title='bbox 701 2211 815 2290; x_wconf 85' lang='lat' dir='ltr'><strong>culpa,</strong></span> <span class='ocrx_word' id='word_1_115' title='bbox 846 2207 904 2270; x_wconf 87' lang='lat' dir='ltr'><strong>sed</strong></span> <span class='ocrx_word' id='word_1_116' title='bbox 924 2209 995 2270; x_wconf 85' lang='lat' dir='ltr'><strong>eius</strong></span> <span class='ocrx_word' id='word_1_117' title='bbox 1020 2205 1078 2292; x_wconf 85' lang='lat' dir='ltr'><strong>q&#39;ni</strong></span> <span class='ocrx_word' id='word_1_118' title='bbox 1102 2207 1167 2270; x_wconf 89' lang='lat' dir='ltr'><strong>hoc</strong></span> <span class='ocrx_word' id='word_1_119' title='bbox 1179 2205 1335 2268; x_wconf 85' lang='lat' dir='ltr'><strong>Scholion</strong></span> 
     </span>
     <span class='ocr_line' id='line_1_17' title="bbox 327 2287 1337 2376; baseline 0.009 -27"><span class='ocrx_word' id='word_1_120' title='bbox 327 2287 517 2376; x_wconf 71' lang='lat' dir='ltr'><strong>descripsit,</strong></span> <span class='ocrx_word' id='word_1_121' title='bbox 546 2309 580 2356; x_wconf 90' lang='lat' dir='ltr'><strong>et</strong></span> <span class='ocrx_word' id='word_1_122' title='bbox 595 2299 688 2358; x_wconf 86' lang='lat' dir='ltr'><strong>locus</strong></span> <span class='ocrx_word' id='word_1_123' title='bbox 710 2294 767 2356; x_wconf 88' lang='lat' dir='ltr'><strong>ille</strong></span> <span class='ocrx_word' id='word_1_124' title='bbox 786 2293 836 2355; x_wconf 87' lang='lat' dir='ltr'><strong>sic</strong></span> <span class='ocrx_word' id='word_1_125' title='bbox 859 2293 1048 2355; x_wconf 76' lang='lat' dir='ltr'><strong>scribendus</strong></span> <span class='ocrx_word' id='word_1_126' title='bbox 1062 2308 1128 2356; x_wconf 86' lang='lat' dir='ltr'><strong>est:</strong></span> <span class='ocrx_word' id='word_1_127' title='bbox 1157 2293 1226 2359; x_wconf 77' lang='grc' dir='ltr'><strong>ἔστι</strong></span> <span class='ocrx_word' id='word_1_128' title='bbox 1246 2297 1280 2358; x_wconf 77' lang='grc' dir='ltr'><strong>δὲ</strong></span> <span class='ocrx_word' id='word_1_129' title='bbox 1293 2293 1337 2374; x_wconf 78' lang='grc' dir='ltr'><strong>ᾇ-</strong></span> 
     </span>
     <span class='ocr_line' id='line_1_18' title="bbox 325 2377 1336 2482; baseline 0.001 -42"><span class='ocrx_word' id='word_1_130' title='bbox 325 2401 439 2460; x_wconf 74' lang='grc' dir='ltr'><strong><em>ομοτος</em></strong></span> <span class='ocrx_word' id='word_1_131' title='bbox 452 2380 601 2447; x_wconf 72' lang='grc' dir='ltr'><strong>Ἀλκαίου</strong></span> <span class='ocrx_word' id='word_1_132' title='bbox 612 2377 705 2466; x_wconf 65' lang='grc' dir='ltr'><strong>ἀρχή·</strong></span> <span class='ocrx_word' id='word_1_133' title='bbox 717 2379 756 2420; x_wconf 81' lang='grc'><strong>**</strong></span> <span class='ocrx_word' id='word_1_134' title='bbox 769 2384 823 2446; x_wconf 82' lang='lat' dir='ltr'><strong>atui</strong></span> <span class='ocrx_word' id='word_1_135' title='bbox 840 2377 1015 2463; x_wconf 74' lang='grc' dir='ltr'><strong><em>θιόιιριιος·</em></strong></span> <span class='ocrx_word' id='word_1_136' title='bbox 1028 2380 1120 2456; x_wconf 82' lang='grc' dir='ltr'><strong><em>οἶνος,</em></strong></span> <span class='ocrx_word' id='word_1_137' title='bbox 1142 2377 1169 2444; x_wconf 79' lang='grc' dir='ltr'><em>ὦ</em></span> <span class='ocrx_word' id='word_1_138' title='bbox 1180 2382 1250 2482; x_wconf 70' lang='lat' dir='ltr'><strong>pile</strong></span> <span class='ocrx_word' id='word_1_139' title='bbox 1267 2380 1336 2456; x_wconf 82' lang='grc' dir='ltr'><strong>ποῖ,</strong></span> 
     </span>
     <span class='ocr_line' id='line_1_19' title="bbox 325 2461 1335 2548; baseline 0.002 -22"><span class='ocrx_word' id='word_1_140' title='bbox 325 2471 378 2530; x_wconf 77' lang='lat' dir='ltr'><strong>sui</strong></span> <span class='ocrx_word' id='word_1_141' title='bbox 390 2463 535 2543; x_wconf 71' lang='lat' dir='ltr'><strong>dividere,</strong></span> <span class='ocrx_word' id='word_1_142' title='bbox 556 2467 603 2528; x_wconf 89' lang='lat' dir='ltr'><strong>ita</strong></span> <span class='ocrx_word' id='word_1_143' title='bbox 620 2481 656 2528; x_wconf 88' lang='lat' dir='ltr'><strong>vt</strong></span> <span class='ocrx_word' id='word_1_144' title='bbox 669 2486 779 2528; x_wconf 84' lang='lat' dir='ltr'><strong>versus</strong></span> <span class='ocrx_word' id='word_1_145' title='bbox 795 2463 908 2526; x_wconf 78' lang='lat' dir='ltr'><strong>Alcaei</strong></span> <span class='ocrx_word' id='word_1_146' title='bbox 921 2466 1003 2540; x_wconf 77' lang='grc' dir='ltr'><strong><em>οἶνος</em></strong></span> <span class='ocrx_word' id='word_1_147' title='bbox 1016 2461 1335 2548; x_wconf 72' lang='grc' dir='ltr'><strong><em>γᾶροῖνθρονποιςδίο·</em></strong></span> 
     </span>
     <span class='ocr_line' id='line_1_20' title="bbox 323 2547 1336 2634; baseline -0.005 -20"><span class='ocrx_word' id='word_1_148' title='bbox 323 2576 421 2634; x_wconf 71' lang='lat' dir='ltr'><strong>arpos</strong></span> <span class='ocrx_word' id='word_1_149' title='bbox 444 2573 516 2613; x_wconf 89' lang='lat' dir='ltr'><strong>cum</strong></span> <span class='ocrx_word' id='word_1_150' title='bbox 532 2550 660 2614; x_wconf 84' lang='lat' dir='ltr'><strong>duobus</strong></span> <span class='ocrx_word' id='word_1_151' title='bbox 677 2547 944 2634; x_wconf 74' lang='lat' dir='ltr'><strong>praecedentibus</strong></span> <span class='ocrx_word' id='word_1_152' title='bbox 966 2549 1104 2612; x_wconf 84' lang='lat' dir='ltr'><strong>omissus</strong></span> <span class='ocrx_word' id='word_1_153' title='bbox 1124 2555 1272 2612; x_wconf 88' lang='lat' dir='ltr'><strong>lacunam</strong></span> <span class='ocrx_word' id='word_1_154' title='bbox 1286 2569 1336 2609; x_wconf 87' lang='lat' dir='ltr'><strong>ro-</strong></span> 
     </span>
     <span class='ocr_line' id='line_1_21' title="bbox 325 2635 1333 2720; baseline -0.004 -21"><span class='ocrx_word' id='word_1_155' title='bbox 325 2639 469 2720; x_wconf 88' lang='lat' dir='ltr'><strong>liquerit.</strong></span> <span class='ocrx_word' id='word_1_156' title='bbox 514 2639 573 2698; x_wconf 87' lang='lat' dir='ltr'><strong>Est</strong></span> <span class='ocrx_word' id='word_1_157' title='bbox 592 2638 679 2700; x_wconf 89' lang='lat' dir='ltr'><strong>euim</strong></span> <span class='ocrx_word' id='word_1_158' title='bbox 697 2657 808 2698; x_wconf 83' lang='lat' dir='ltr'><strong>versus</strong></span> <span class='ocrx_word' id='word_1_159' title='bbox 828 2635 884 2695; x_wconf 90' lang='lat' dir='ltr'><strong>ille</strong></span> <span class='ocrx_word' id='word_1_160' title='bbox 900 2637 1017 2697; x_wconf 82' lang='lat' dir='ltr'><strong>tertius</strong></span> <span class='ocrx_word' id='word_1_161' title='bbox 1034 2635 1070 2698; x_wconf 90' lang='lat' dir='ltr'><strong>in</strong></span> <span class='ocrx_word' id='word_1_162' title='bbox 1089 2650 1262 2718; x_wconf 73' lang='lat' dir='ltr'><strong>systemate</strong></span> <span class='ocrx_word' id='word_1_163' title='bbox 1277 2635 1333 2694; x_wconf 81' lang='lat' dir='ltr'><strong>Al·</strong></span> 
     </span>
     <span class='ocr_line' id='line_1_22' title="bbox 326 2720 1333 2808; baseline -0.003 -25"><span class='ocrx_word' id='word_1_164' title='bbox 326 2723 416 2784; x_wconf 86' lang='lat' dir='ltr'><strong>caico</strong></span> <span class='ocrx_word' id='word_1_165' title='bbox 436 2745 460 2781; x_wconf 78' lang='grc' dir='ltr'><strong>τι</strong></span> <span class='ocrx_word' id='word_1_166' title='bbox 472 2757 516 2774; x_wconf 88' lang='lat'><em>-</em></span> <span class='ocrx_word' id='word_1_167' title='bbox 530 2757 553 2778; x_wconf 67' lang='grc' dir='ltr'><em>υ</em></span> <span class='ocrx_word' id='word_1_168' title='bbox 565 2759 609 2773; x_wconf 93' lang='grc'>-</span> <span class='ocrx_word' id='word_1_169' title='bbox 632 2721 639 2808; x_wconf 81' lang='grc' dir='ltr'>Ι</span> <span class='ocrx_word' id='word_1_170' title='bbox 670 2739 694 2780; x_wconf 70' lang='grc' dir='ltr'><strong>ν.</strong></span> <span class='ocrx_word' id='word_1_171' title='bbox 707 2757 751 2770; x_wconf 90' lang='lat'>-</span> <span class='ocrx_word' id='word_1_172' title='bbox 764 2745 787 2774; x_wconf 71' lang='grc' dir='ltr'><strong>υ</strong></span> <span class='ocrx_word' id='word_1_173' title='bbox 798 2757 858 2793; x_wconf 88' lang='grc'><strong>-,</strong></span> <span class='ocrx_word' id='word_1_174' title='bbox 880 2723 995 2795; x_wconf 71' lang='lat' dir='ltr'><strong>vestii,</strong></span> <span class='ocrx_word' id='word_1_175' title='bbox 1012 2743 1093 2805; x_wconf 88' lang='lat' dir='ltr'><strong>quos</strong></span> <span class='ocrx_word' id='word_1_176' title='bbox 1110 2720 1253 2782; x_wconf 78' lang='lat' dir='ltr'><strong>serravit</strong></span> <span class='ocrx_word' id='word_1_177' title='bbox 1267 2721 1333 2780; x_wconf 87' lang='lat' dir='ltr'><strong>He·</strong></span> 
     </span>
     <span class='ocr_line' id='line_1_23' title="bbox 324 2805 1333 2890; baseline -0.003 -21"><span class='ocrx_word' id='word_1_178' title='bbox 324 2805 463 2869; x_wconf 88' lang='lat' dir='ltr'><strong>raclidea</strong></span> <span class='ocrx_word' id='word_1_179' title='bbox 470 2807 627 2872; x_wconf 86' lang='lat' dir='ltr'><strong>Ponticus</strong></span> <span class='ocrx_word' id='word_1_180' title='bbox 636 2812 705 2888; x_wconf 77' lang='lat' dir='ltr'><strong>napi</strong></span> <span class='ocrx_word' id='word_1_181' title='bbox 718 2805 903 2889; x_wconf 54' lang='grc' dir='ltr'><strong>α’λληνῧθμ.</strong></span> <span class='ocrx_word' id='word_1_182' title='bbox 912 2828 945 2890; x_wconf 85' lang='lat' dir='ltr'><strong>p.</strong></span> <span class='ocrx_word' id='word_1_183' title='bbox 959 2807 1006 2872; x_wconf 83' lang='lat'><strong>15.</strong></span> <span class='ocrx_word' id='word_1_184' title='bbox 1015 2805 1066 2868; x_wconf 90' lang='lat' dir='ltr'><strong>ed.</strong></span> <span class='ocrx_word' id='word_1_185' title='bbox 1075 2805 1206 2868; x_wconf 80' lang='lat' dir='ltr'><strong>Schow.</strong></span> <span class='ocrx_word' id='word_1_186' title='bbox 1215 2805 1333 2866; x_wconf 87' lang='lat' dir='ltr'><strong>Hacte-</strong></span> 
     </span>
     <span class='ocr_line' id='line_1_24' title="bbox 324 2889 1333 2975; baseline -0.003 -22"><span class='ocrx_word' id='word_1_187' title='bbox 324 2914 387 2953; x_wconf 85' lang='lat' dir='ltr'><strong>nus</strong></span> <span class='ocrx_word' id='word_1_188' title='bbox 396 2895 573 2970; x_wconf 84' lang='lat' dir='ltr'><strong>Matthiae,</strong></span> <span class='ocrx_word' id='word_1_189' title='bbox 597 2893 651 2958; x_wconf 88' lang='lat' dir='ltr'><strong>eui</strong></span> <span class='ocrx_word' id='word_1_190' title='bbox 660 2914 793 2974; x_wconf 82' lang='lat' dir='ltr'><strong>prorsus</strong></span> <span class='ocrx_word' id='word_1_191' title='bbox 807 2889 1054 2975; x_wconf 84' lang='lat' dir='ltr'><strong>adstipulamur.</strong></span> <span class='ocrx_word' id='word_1_192' title='bbox 1062 2889 1249 2954; x_wconf 78' lang='lat' dir='ltr'><strong>Thierschii</strong></span> <span class='ocrx_word' id='word_1_193' title='bbox 1262 2891 1333 2972; x_wconf 86' lang='lat' dir='ltr'><strong>opi·</strong></span> 
     </span>
     <span class='ocr_line' id='line_1_25' title="bbox 324 2977 1333 3064; baseline -0.002 -26"><span class='ocrx_word' id='word_1_194' title='bbox 324 2979 458 3040; x_wconf 80' lang='lat' dir='ltr'><strong>taionem</strong></span> <span class='ocrx_word' id='word_1_195' title='bbox 466 2977 842 3064; x_wconf 74' lang='lat' dir='ltr'><strong>p1·qbaruntBoeclthius</strong></span> <span class='ocrx_word' id='word_1_196' title='bbox 851 2979 886 3037; x_wconf 88' lang='lat' dir='ltr'><strong>in</strong></span> <span class='ocrx_word' id='word_1_197' title='bbox 895 2979 1106 3038; x_wconf 82' lang='lat' dir='ltr'><strong>Mussumder</strong></span> <span class='ocrx_word' id='word_1_198' title='bbox 1114 2977 1333 3039; x_wconf 66' lang='lat' dir='ltr'><strong>Alaricum-</strong></span> 
     </span>
     <span class='ocr_line' id='line_1_26' title="bbox 327 3060 1333 3146; baseline -0.001 -22"><span class='ocrx_word' id='word_1_199' title='bbox 327 3065 524 3127; x_wconf 80' lang='lat' dir='ltr'><strong>Wiaaenaclt.</strong></span> <span class='ocrx_word' id='word_1_200' title='bbox 547 3069 590 3127; x_wconf 90' lang='lat'><strong>11.</strong></span> <span class='ocrx_word' id='word_1_201' title='bbox 611 3083 640 3128; x_wconf 81' lang='lat'><strong>2.</strong></span> <span class='ocrx_word' id='word_1_202' title='bbox 664 3085 697 3146; x_wconf 88' lang='lat' dir='ltr'><strong>p.</strong></span> <span class='ocrx_word' id='word_1_203' title='bbox 718 3062 786 3145; x_wconf 84' lang='lat'><strong>175.</strong></span> <span class='ocrx_word' id='word_1_204' title='bbox 809 3076 842 3124; x_wconf 88' lang='lat' dir='ltr'><strong>et</strong></span> <span class='ocrx_word' id='word_1_205' title='bbox 864 3061 1094 3126; x_wconf 82' lang='lat' dir='ltr'><strong>Schneiderus.</strong></span> <span class='ocrx_word' id='word_1_206' title='bbox 1115 3086 1147 3124; x_wconf 89' lang='lat' dir='ltr'><strong>v.</strong></span> <span class='ocrx_word' id='word_1_207' title='bbox 1170 3060 1333 3123; x_wconf 84' lang='lat' dir='ltr'><strong>Schaefer.</strong></span> 
     </span>
     <span class='ocr_line' id='line_1_27' title="bbox 323 3143 1334 3236; baseline 0 -30"><span class='ocrx_word' id='word_1_208' title='bbox 323 3144 363 3206; x_wconf 94' lang='lat' dir='ltr'><strong>ad</strong></span> <span class='ocrx_word' id='word_1_209' title='bbox 379 3151 514 3236; x_wconf 84' lang='lat' dir='ltr'><strong>Gregor.</strong></span> <span class='ocrx_word' id='word_1_210' title='bbox 529 3150 604 3214; x_wconf 90' lang='lat' dir='ltr'><strong>Cor.</strong></span> <span class='ocrx_word' id='word_1_211' title='bbox 626 3145 734 3234; x_wconf 61' lang='lat' dir='ltr'><strong>pote</strong></span> <span class='ocrx_word' id='word_1_212' title='bbox 753 3170 801 3233; x_wconf 89' lang='lat' dir='ltr'><strong>aq.</strong></span> <span class='ocrx_word' id='word_1_213' title='bbox 831 3147 913 3210; x_wconf 85' lang='lat' dir='ltr'><strong>Item</strong></span> <span class='ocrx_word' id='word_1_214' title='bbox 934 3148 1149 3211; x_wconf 85' lang='lat' dir='ltr'><strong>Heindorfius</strong></span> <span class='ocrx_word' id='word_1_215' title='bbox 1164 3143 1206 3208; x_wconf 88' lang='lat' dir='ltr'><strong>ad</strong></span> <span class='ocrx_word' id='word_1_216' title='bbox 1219 3147 1334 3208; x_wconf 85' lang='lat' dir='ltr'><strong>Horat.</strong></span> 
     </span>
     <span class='ocr_line' id='line_1_28' title="bbox 322 3229 1333 3321; baseline -0.002 -29"><span class='ocrx_word' id='word_1_217' title='bbox 322 3231 420 3296; x_wconf 83' lang='lat' dir='ltr'><strong>Serm.</strong></span> <span class='ocrx_word' id='word_1_218' title='bbox 442 3257 474 3321; x_wconf 86' lang='lat' dir='ltr'><strong>p.</strong></span> <span class='ocrx_word' id='word_1_219' title='bbox 494 3235 563 3301; x_wconf 83' lang='lat'><strong>105.</strong></span> <span class='ocrx_word' id='word_1_220' title='bbox 593 3236 702 3320; x_wconf 83' lang='lat' dir='ltr'><strong>Atque</strong></span> <span class='ocrx_word' id='word_1_221' title='bbox 724 3234 788 3295; x_wconf 89' lang='lat' dir='ltr'><strong>iam</strong></span> <span class='ocrx_word' id='word_1_222' title='bbox 802 3249 878 3294; x_wconf 89' lang='lat' dir='ltr'><strong>ante</strong></span> <span class='ocrx_word' id='word_1_223' title='bbox 892 3233 1121 3296; x_wconf 84' lang='lat' dir='ltr'><strong>Thieraohium</strong></span> <span class='ocrx_word' id='word_1_224' title='bbox 1134 3232 1247 3294; x_wconf 86' lang='lat' dir='ltr'><strong>Alcaei</strong></span> <span class='ocrx_word' id='word_1_225' title='bbox 1268 3229 1333 3292; x_wconf 89' lang='lat' dir='ltr'><strong>hoc</strong></span> 
     </span>
     <span class='ocr_line' id='line_1_29' title="bbox 323 3317 1333 3404; baseline -0.001 -28"><span class='ocrx_word' id='word_1_226' title='bbox 323 3338 448 3380; x_wconf 86' lang='lat' dir='ltr'><strong>carmen</strong></span> <span class='ocrx_word' id='word_1_227' title='bbox 469 3342 539 3384; x_wconf 80' lang='lat' dir='ltr'><strong>esse</strong></span> <span class='ocrx_word' id='word_1_228' title='bbox 561 3321 743 3404; x_wconf 86' lang='lat' dir='ltr'><strong>suspicatus</strong></span> <span class='ocrx_word' id='word_1_229' title='bbox 764 3317 1022 3402; x_wconf 88' lang='lat' dir='ltr'><strong>cratPhilippus</strong></span> <span class='ocrx_word' id='word_1_230' title='bbox 1038 3317 1260 3392; x_wconf 87' lang='lat' dir='ltr'><strong>Wehnertus,</strong></span> <span class='ocrx_word' id='word_1_231' title='bbox 1283 3337 1333 3376; x_wconf 87' lang='lat' dir='ltr'><strong>re·</strong></span> 
     </span>
     <span class='ocr_line' id='line_1_30' title="bbox 321 3401 1332 3488; baseline 0 -27"><span class='ocrx_word' id='word_1_232' title='bbox 321 3402 447 3466; x_wconf 79' lang='lat' dir='ltr'><strong>ferente</strong></span> <span class='ocrx_word' id='word_1_233' title='bbox 462 3406 611 3468; x_wconf 86' lang='lat' dir='ltr'><strong>Iacohsio</strong></span> <span class='ocrx_word' id='word_1_234' title='bbox 627 3404 669 3466; x_wconf 90' lang='lat' dir='ltr'><strong>ad</strong></span> <span class='ocrx_word' id='word_1_235' title='bbox 681 3403 896 3466; x_wconf 86' lang='lat' dir='ltr'><strong>Theocritum</strong></span> <span class='ocrx_word' id='word_1_236' title='bbox 909 3427 941 3488; x_wconf 91' lang='lat' dir='ltr'><strong>p.</strong></span> <span class='ocrx_word' id='word_1_237' title='bbox 951 3404 1024 3468; x_wconf 73' lang='grc'><strong>245.</strong></span> <span class='ocrx_word' id='word_1_238' title='bbox 1039 3426 1067 3467; x_wconf 80' lang='lat' dir='ltr'><strong>a.</strong></span> <span class='ocrx_word' id='word_1_239' title='bbox 1086 3401 1178 3468; x_wconf 82' lang='lat'><strong>1808.</strong></span> <span class='ocrx_word' id='word_1_240' title='bbox 1191 3437 1235 3450; x_wconf 91' lang='lat'><strong>-·</strong></span> <span class='ocrx_word' id='word_1_241' title='bbox 1247 3403 1332 3464; x_wconf 86' lang='lat' dir='ltr'><strong>Her·</strong></span> 
     </span>
     <span class='ocr_line' id='line_1_31' title="bbox 318 3487 1442 3574; baseline -0.005 -24"><span class='ocrx_word' id='word_1_242' title='bbox 318 3489 429 3550; x_wconf 84' lang='lat' dir='ltr'><strong>manni</strong></span> <span class='ocrx_word' id='word_1_243' title='bbox 458 3489 498 3553; x_wconf 87' lang='lat' dir='ltr'><strong>de</strong></span> <span class='ocrx_word' id='word_1_244' title='bbox 520 3489 582 3552; x_wconf 89' lang='lat' dir='ltr'><strong>hac</strong></span> <span class='ocrx_word' id='word_1_245' title='bbox 604 3511 639 3552; x_wconf 89' lang='lat' dir='ltr'><strong>re</strong></span> <span class='ocrx_word' id='word_1_246' title='bbox 660 3487 723 3550; x_wconf 89' lang='lat' dir='ltr'><strong>hoc</strong></span> <span class='ocrx_word' id='word_1_247' title='bbox 741 3490 864 3574; x_wconf 80' lang='lat' dir='ltr'><strong>legitur</strong></span> <span class='ocrx_word' id='word_1_248' title='bbox 884 3489 1046 3552; x_wconf 90' lang='lat' dir='ltr'><strong>iudicium</strong></span> <span class='ocrx_word' id='word_1_249' title='bbox 1067 3488 1111 3550; x_wconf 87' lang='lat' dir='ltr'><strong>ad</strong></span> <span class='ocrx_word' id='word_1_250' title='bbox 1121 3489 1276 3574; x_wconf 83' lang='lat' dir='ltr'><strong>Vigerum</strong></span> <span class='ocrx_word' id='word_1_251' title='bbox 1295 3508 1330 3569; x_wconf 93' lang='lat' dir='ltr'><strong>p.</strong></span> <span class='ocrx_word' id='word_1_252' title='bbox 1441 3519 1442 3544; x_wconf 58' lang='lat' dir='ltr'><strong>r</strong></span> 
     </span>
     <span class='ocr_line' id='line_1_32' title="bbox 321 3573 1442 3660; baseline -0.003 -25"><span class='ocrx_word' id='word_1_253' title='bbox 321 3573 393 3660; x_wconf 77' lang='lat'><strong>925.</strong></span> <span class='ocrx_word' id='word_1_254' title='bbox 417 3574 542 3658; x_wconf 82' lang='lat' dir='ltr'><strong>„Quod</strong></span> <span class='ocrx_word' id='word_1_255' title='bbox 561 3595 686 3636; x_wconf 87' lang='lat' dir='ltr'><strong>carmen</strong></span> <span class='ocrx_word' id='word_1_256' title='bbox 700 3574 765 3636; x_wconf 84' lang='lat' dir='ltr'><strong>nisi</strong></span> <span class='ocrx_word' id='word_1_257' title='bbox 783 3573 978 3646; x_wconf 84' lang='lat' dir='ltr'><strong>firmioribus</strong></span> <span class='ocrx_word' id='word_1_258' title='bbox 993 3575 1208 3660; x_wconf 81' lang='lat' dir='ltr'><strong>argumentis,</strong></span> <span class='ocrx_word' id='word_1_259' title='bbox 1234 3594 1332 3658; x_wconf 86' lang='lat' dir='ltr'><strong>quam</strong></span> <span class='ocrx_word' id='word_1_260' title='bbox 1441 3611 1442 3660; x_wconf 25' lang='lat' dir='ltr'><strong>p</strong></span> 
     </span>
     <span class='ocr_line' id='line_1_33' title="bbox 317 3659 1442 3744; baseline -0.002 -24"><span class='ocrx_word' id='word_1_261' title='bbox 317 3681 400 3744; x_wconf 80' lang='lat' dir='ltr'><strong>quau</strong></span> <span class='ocrx_word' id='word_1_262' title='bbox 424 3683 464 3722; x_wconf 85' lang='lat' dir='ltr'><strong>ex</strong></span> <span class='ocrx_word' id='word_1_263' title='bbox 481 3659 654 3722; x_wconf 84' lang='lat' dir='ltr'><strong>scholiasta</strong></span> <span class='ocrx_word' id='word_1_264' title='bbox 676 3659 823 3721; x_wconf 87' lang='lat' dir='ltr'><strong>Platonis</strong></span> <span class='ocrx_word' id='word_1_265' title='bbox 847 3684 880 3744; x_wconf 90' lang='lat' dir='ltr'><strong>p.</strong></span> <span class='ocrx_word' id='word_1_266' title='bbox 896 3659 948 3724; x_wconf 83' lang='lat'><strong>51.</strong></span> <span class='ocrx_word' id='word_1_267' title='bbox 972 3659 1140 3742; x_wconf 80' lang='lat' dir='ltr'><strong>depromta</strong></span> <span class='ocrx_word' id='word_1_268' title='bbox 1157 3673 1249 3735; x_wconf 83' lang='lat' dir='ltr'><strong>aunt,</strong></span> <span class='ocrx_word' id='word_1_269' title='bbox 1273 3660 1331 3718; x_wconf 82' lang='lat' dir='ltr'><strong>Al·</strong></span> <span class='ocrx_word' id='word_1_270' title='bbox 1441 3685 1442 3736; x_wconf 79' lang='lat' dir='ltr'>j</span> 
     </span>
     <span class='ocr_line' id='line_1_34' title="bbox 319 3745 1442 3822; baseline -0.002 -14"><span class='ocrx_word' id='word_1_271' title='bbox 319 3767 395 3808; x_wconf 84' lang='lat' dir='ltr'><strong>caeo</strong></span> <span class='ocrx_word' id='word_1_272' title='bbox 409 3746 607 3822; x_wconf 85' lang='lat' dir='ltr'><strong>vindicetur,</strong></span> <span class='ocrx_word' id='word_1_273' title='bbox 631 3766 698 3805; x_wconf 88' lang='lat' dir='ltr'><strong>non</strong></span> <span class='ocrx_word' id='word_1_274' title='bbox 712 3746 816 3806; x_wconf 80' lang='lat' dir='ltr'><strong>ausim</strong></span> <span class='ocrx_word' id='word_1_275' title='bbox 830 3745 870 3808; x_wconf 92' lang='lat' dir='ltr'><strong>ad</strong></span> <span class='ocrx_word' id='word_1_276' title='bbox 888 3745 977 3808; x_wconf 89' lang='lat' dir='ltr'><strong>hunc</strong></span> <span class='ocrx_word' id='word_1_277' title='bbox 990 3760 1154 3807; x_wconf 84' lang='lat' dir='ltr'><strong>auctorem</strong></span> <span class='ocrx_word' id='word_1_278' title='bbox 1171 3745 1331 3808; x_wconf 81' lang='lat' dir='ltr'><strong>referre.“</strong></span> <span class='ocrx_word' id='word_1_279' title='bbox 1441 3747 1442 3806; x_wconf 68' lang='lat' dir='ltr'><strong>l</strong></span> 
     </span>
    </p>
   </div>
   <div class='ocr_carea' id='block_1_5' title="bbox 278 3863 1334 4297">
    <p class='ocr_par' dir='ltr' id='par_1_6' title="bbox 278 3863 1334 4109">
     <span class='ocr_line' id='line_1_35' title="bbox 278 3863 1334 3936; baseline -0.005 -7"><span class='ocrx_word' id='word_1_280' title='bbox 278 3892 293 3936; x_wconf 79' lang='grc' dir='ltr'><strong><em>ι</em></strong></span> <span class='ocrx_word' id='word_1_281' title='bbox 318 3903 361 3917; x_wconf 90' lang='grc'>-</span> <span class='ocrx_word' id='word_1_282' title='bbox 384 3869 413 3934; x_wconf 81' lang='lat'><strong>5.</strong></span> <span class='ocrx_word' id='word_1_283' title='bbox 435 3869 478 3928; x_wconf 84' lang='lat' dir='ltr'><strong>In</strong></span> <span class='ocrx_word' id='word_1_284' title='bbox 494 3869 567 3928; x_wconf 83' lang='grc' dir='ltr'><strong><em>νίνιο</em></strong></span> <span class='ocrx_word' id='word_1_285' title='bbox 592 3878 639 3925; x_wconf 84' lang='lat' dir='ltr'><strong>eat</strong></span> <span class='ocrx_word' id='word_1_286' title='bbox 661 3869 793 3927; x_wconf 79' lang='lat' dir='ltr'><strong>veritas.</strong></span> <span class='ocrx_word' id='word_1_287' title='bbox 819 3887 848 3928; x_wconf 86' lang='lat' dir='ltr'><strong>v.</strong></span> <span class='ocrx_word' id='word_1_288' title='bbox 873 3867 997 3927; x_wconf 86' lang='lat' dir='ltr'><strong>Erasm.</strong></span> <span class='ocrx_word' id='word_1_289' title='bbox 1024 3863 1166 3927; x_wconf 88' lang='lat' dir='ltr'><strong>Chiliad.</strong></span> <span class='ocrx_word' id='word_1_290' title='bbox 1190 3866 1227 3924; x_wconf 89' lang='lat' dir='ltr'><strong>in</strong></span> <span class='ocrx_word' id='word_1_291' title='bbox 1252 3865 1334 3925; x_wconf 79' lang='lat' dir='ltr'><strong>Pro·</strong></span> 
     </span>
     <span class='ocr_line' id='line_1_36' title="bbox 318 3948 1332 4036; baseline -0.007 -19"><span class='ocrx_word' id='word_1_292' title='bbox 318 3954 426 4017; x_wconf 90' lang='lat' dir='ltr'><strong>verbb.</strong></span> <span class='ocrx_word' id='word_1_293' title='bbox 441 3954 578 4014; x_wconf 86' lang='lat' dir='ltr'><strong>Collect.</strong></span> <span class='ocrx_word' id='word_1_294' title='bbox 594 3953 619 4012; x_wconf 88' lang='lat' dir='ltr'><strong>F</strong></span> <span class='ocrx_word' id='word_1_295' title='bbox 621 3953 680 4013; x_wconf 81' lang='lat' dir='ltr'><strong>ref.</strong></span> <span class='ocrx_word' id='word_1_296' title='bbox 701 3973 732 4036; x_wconf 90' lang='lat' dir='ltr'><strong>p.</strong></span> <span class='ocrx_word' id='word_1_297' title='bbox 747 3952 820 4015; x_wconf 82' lang='lat'><strong>450.</strong></span> <span class='ocrx_word' id='word_1_298' title='bbox 850 3951 945 4013; x_wconf 87' lang='lat' dir='ltr'><strong>Adde</strong></span> <span class='ocrx_word' id='word_1_299' title='bbox 958 3954 1067 4032; x_wconf 87' lang='lat' dir='ltr'><strong>Toup.</strong></span> <span class='ocrx_word' id='word_1_300' title='bbox 1091 3952 1127 4011; x_wconf 92' lang='lat' dir='ltr'><strong>in</strong></span> <span class='ocrx_word' id='word_1_301' title='bbox 1143 3948 1332 4034; x_wconf 83' lang='lat' dir='ltr'><strong>Appendic.</strong></span> 
     </span>
     <span class='ocr_line' id='line_1_37' title="bbox 319 4034 1331 4109; baseline -0.008 -6"><span class='ocrx_word' id='word_1_302' title='bbox 319 4040 358 4103; x_wconf 91' lang='lat' dir='ltr'><strong>ad</strong></span> <span class='ocrx_word' id='word_1_303' title='bbox 376 4042 410 4102; x_wconf 90' lang='lat' dir='ltr'><strong>h.</strong></span> <span class='ocrx_word' id='word_1_304' title='bbox 423 4045 445 4100; x_wconf 94' lang='lat' dir='ltr'><strong>l.</strong></span> <span class='ocrx_word' id='word_1_305' title='bbox 469 4037 711 4100; x_wconf 85' lang='lat' dir='ltr'><strong>Mitscherlich.</strong></span> <span class='ocrx_word' id='word_1_306' title='bbox 727 4035 768 4098; x_wconf 85' lang='lat' dir='ltr'><strong>ad</strong></span> <span class='ocrx_word' id='word_1_307' title='bbox 776 4039 892 4100; x_wconf 84' lang='lat' dir='ltr'><strong>Horat.</strong></span> <span class='ocrx_word' id='word_1_308' title='bbox 908 4037 937 4109; x_wconf 87' lang='lat'><strong>1,</strong></span> <span class='ocrx_word' id='word_1_309' title='bbox 963 4036 1012 4101; x_wconf 79' lang='lat'><strong>18.</strong></span> <span class='ocrx_word' id='word_1_310' title='bbox 1029 4035 1119 4098; x_wconf 82' lang='lat' dir='ltr'><strong>affert</strong></span> <span class='ocrx_word' id='word_1_311' title='bbox 1134 4034 1331 4098; x_wconf 83' lang='lat' dir='ltr'><strong>exBrunclt.</strong></span> 
     </span>
    </p>

    <p class='ocr_par' dir='ltr' id='par_1_7' title="bbox 319 4118 1332 4209">
     <span class='ocr_line' id='line_1_38' title="bbox 319 4118 1332 4209; baseline -0.003 -20"><span class='ocrx_word' id='word_1_312' title='bbox 319 4125 436 4189; x_wconf 84' lang='lat' dir='ltr'><strong>Goom.</strong></span> <span class='ocrx_word' id='word_1_313' title='bbox 476 4149 498 4186; x_wconf 86' lang='lat' dir='ltr'><strong>r.</strong></span> <span class='ocrx_word' id='word_1_314' title='bbox 516 4145 547 4206; x_wconf 91' lang='lat' dir='ltr'><strong>p.</strong></span> <span class='ocrx_word' id='word_1_315' title='bbox 564 4121 635 4187; x_wconf 74' lang='lat'><strong>234.</strong></span> <span class='ocrx_word' id='word_1_316' title='bbox 650 4120 820 4209; x_wconf 74' lang='grc' dir='ltr'><strong><em>κάτοπτρον</em></strong></span> <span class='ocrx_word' id='word_1_317' title='bbox 836 4127 937 4198; x_wconf 72' lang='grc' dir='ltr'><strong><em>εἴδους</em></strong></span> <span class='ocrx_word' id='word_1_318' title='bbox 952 4118 1068 4206; x_wconf 79' lang='grc' dir='ltr'><strong><em>χαλκός</em></strong></span> <span class='ocrx_word' id='word_1_319' title='bbox 1083 4120 1165 4198; x_wconf 71' lang='grc' dir='ltr'><strong><em>ἔστ’,</em></strong></span> <span class='ocrx_word' id='word_1_320' title='bbox 1194 4123 1279 4199; x_wconf 76' lang='grc' dir='ltr'><strong><em>οἶνος</em></strong></span> <span class='ocrx_word' id='word_1_321' title='bbox 1293 4125 1332 4187; x_wconf 73' lang='lat' dir='ltr'><strong>dt</strong></span> 
     </span>
    </p>

    <p class='ocr_par' dir='ltr' id='par_1_8' title="bbox 316 4147 1331 4297">
     <span class='ocr_line' id='line_1_39' title="bbox 316 4147 1331 4297; baseline -0.012 -16"><span class='ocrx_word' id='word_1_322' title='bbox 316 4217 382 4284; x_wconf 76' lang='grc' dir='ltr'><strong>νοῦ.</strong></span> <span class='ocrx_word' id='word_1_323' title='bbox 396 4245 440 4264; x_wconf 87' lang='grc'><strong>--</strong></span> <span class='ocrx_word' id='word_1_324' title='bbox 452 4147 540 4276; x_wconf 48' lang='lat' dir='ltr'><strong>hert·</strong></span> <span class='ocrx_word' id='word_1_325' title='bbox 557 4227 585 4272; x_wconf 81' lang='lat'><strong>2·</strong></span> <span class='ocrx_word' id='word_1_326' title='bbox 604 4207 643 4270; x_wconf 70' lang='lat' dir='ltr'><strong>ad</strong></span> <span class='ocrx_word' id='word_1_327' title='bbox 656 4205 831 4295; x_wconf 77' lang='grc' dir='ltr'><strong><em>μεθύοντος</em></strong></span> <span class='ocrx_word' id='word_1_328' title='bbox 850 4207 1001 4294; x_wconf 83' lang='lat' dir='ltr'><strong>intellige</strong></span> <span class='ocrx_word' id='word_1_329' title='bbox 1014 4209 1065 4284; x_wconf 72' lang='grc' dir='ltr'><strong>οἷς.</strong></span> <span class='ocrx_word' id='word_1_330' title='bbox 1089 4230 1121 4271; x_wconf 81' lang='lat' dir='ltr'><strong>v.</strong></span> <span class='ocrx_word' id='word_1_331' title='bbox 1135 4207 1177 4268; x_wconf 89' lang='lat' dir='ltr'><strong>nd</strong></span> <span class='ocrx_word' id='word_1_332' title='bbox 1195 4211 1237 4272; x_wconf 93' lang='lat' dir='ltr'><strong>L.</strong></span> <span class='ocrx_word' id='word_1_333' title='bbox 1251 4209 1331 4297; x_wconf 79' lang='lat' dir='ltr'><strong>lios.</strong></span> 
     </span>
    </p>
   </div>
   <div class='ocr_carea' id='block_1_6' title="bbox 0 0 1464 5020">
    <p class='ocr_par' dir='ltr' id='par_1_9' title="bbox 0 0 1464 5020">
     <span class='ocr_line' id='line_1_40' title="bbox 0 0 1464 5020; baseline 0 4"><span class='ocrx_word' id='word_1_334' title='bbox 0 0 1464 5020; x_wconf 95' lang='lat' dir='ltr'><strong> </strong></span> 
     </span>
    </p>
   </div>
  </div>
 </body>
</html>
