2816 5014
294 489 332 555 18
472 439 776 548 enorr1ror
802 475 1119 544 alariarum
1146 473 1179 544 a.

293 653 486 750 Ἀμφῶες,
511 650 717 737 νεοτευχές,
744 647 801 722 ἔτι
816 639 1018 740 γλυφάνοιο
1034 641 1226 724 ποτόσδον·

299 759 360 836 Tui
372 756 456 854 περὶ
472 755 540 848 μὲν
557 751 656 848 χείλη
672 743 858 846 μαρύεται
871 743 993 843 ὑψόθι
1009 745 1143 841 κισσός,
1179 789 1185 800 ·

295 853 435 940 Κισσός
448 849 622 952 ἑλιχρύσῳ
637 855 898 965 κεκονςσμένος·
923 853 1002 928 α’δὲ
1016 851 1094 927 κατ’
1111 848 1227 930 αὐτόν
1306 857 1355 928 30

293 1005 501 1064 ....--’--
1121 1094 1123 1097 ¹

359 1165 432 1208 aera
447 1141 529 1206 bene
546 1142 650 1206 olenti
667 1141 837 1206 inductum
852 1142 1072 1227 oblitumque3
1096 1143 1273 1206 etVoasiue
1285 1165 1355 1212 ver·‚

359 1232 418 1305 tit,
449 1228 509 1290 mit
539 1227 727 1290 duftendem
755 1226 898 1290 Waohse
925 1227 1084 1312 gebonet‚
1116 1227 1205 1313 quod
1224 1245 1354 1291 secutus

356 1336 438 1378 tum.
494 1313 700 1376 Conferenda
731 1327 780 1376 est
805 1312 845 1375 de
870 1314 962 1374 omui
986 1317 1061 1375 loco
1084 1315 1267 1376 Everlra'rdr'
1290 1337 1355 1376 von

359 1398 457 1462 Driel
478 1401 583 1463 oratio
599 1419 659 1481 pro
675 1397 869 1460 Theocritea
881 1397 993 1481 poculi
1006 1397 1243 1481 descriptione,
1269 1399 1355 1462 dieta

328 1531 329 1537 .
360 1502 394 1546 et
413 1483 499 1546 edita
521 1482 664 1546 Traiecti
687 1481 728 1544 ad
748 1481 902 1544 Rhenum
918 1479 1011 1566 1788.
1029 1482 1062 1548 4.
1086 1505 1169 1568 quae
1185 1497 1275 1550 certe
1287 1507 1354 1547 non

355 1569 429 1632 aine
441 1574 610 1652 voluptate
620 1567 758 1660 legitur.
795 1569 914 1632 Kieeel.

317 1667 369 1740 28.
409 1667 564 1756 rivatim]
605 1672 780 1750 sculptoria
818 1691 951 1730 manum
982 1667 1054 1731 aive
1080 1655 1221 1750 eaelum.
1261 1672 1294 1735 h.
1324 1694 1353 1736 ο.

359 1762 544 1840 tculpturae
570 1755 838 1833 instrumentum,
870 1757 975 1816 adbuc
996 1755 1150 1815 redolens.
1180 1779 1213 1818 v.
1237 1759 1355 1820 Salma.

357 1843 399 1905 aii
420 1839 566 1904 Exercit.
584 1840 672 1902 Plin.
692 1861 726 1923 p.
746 1839 837 1904 1044.
860 1840 897 1903 B.
919 1862 953 1923 p.
970 1837 1042 1918 755.
1066 1860 1136 1923 sqq.
1160 1840 1210 1904 ed.
1235 1843 1354 1906 Vltrai-

357 1929 458 1993 Harl.
487 1922 652 2007 Γλὺφανον
673 1925 769 1987 etiam
790 1935 909 1990 rernm
929 1923 1014 1987 verti
1034 1939 1161 2006 puteat,
1193 1927 1285 2011 qaod
1296 1951 1353 1990 vo·

355 2012 508 2076 rabulum
528 2031 589 2093 pro
612 2009 711 2074 eaelo
725 2007 889 2096 (Meirael)
906 2025 939 2072 et
956 2007 1095 2094 aeoiprro
1116 2011 1351 2097 (Grabatiehel)

357 2095 503 2182 ponitur.
532 2116 564 2156 r.
583 2095 719 2177 interpr.
742 2095 781 2156 ad
799 2095 889 2180 Virg.
905 2097 976 2158 Eel.
993 2095 1055 2171 ΠΙ,
1071 2091 1123 2160 58.
1140 2110 1173 2156 et
1186 2099 1305 2179 Heyne
1318 2099 1353 2159 ia

358 2182 417 2246 lib.
433 2180 513 2242 Anti
538 2201 605 2242 nar.
620 2179 787 2243 Aufsttze.
809 2183 847 2245 P.
859 2181 904 2242 ΙΙ.
918 2203 950 2263 Ρ.
971 2179 1041 2244 145.
1053 2201 1101 2263 aq.
1114 2215 1159 2232 —
1178 2183 1289 2266 Etym.
1304 2183 1354 2245 Μ.

358 2287 391 2352 Ρ.
411 2264 484 2343 255,
504 2201 551 2330 18.
574 2287 605 2328 v.
619 2268 748 2347 Ilipla·
769 2267 891 2368 liy'trnr
904 2269 1014 2348 ylario
1028 2262 1131 2334 uniri
1143 2267 1353 2354 ylioovt'pya.

358 2355 457 2429 λεῖον,
479 2349 497 2415 ὃ
518 2353 573 2416 nai
592 2347 745 2434 yldpauov
758 2349 902 2431 ω’νομασε
917 2349 1090 2433 θεόκριτος.
1133 2355 1252 2417 Kieael.

317 2435 506 2582 19ἑΡ1ῐλος]
532 2435 710 2518 improprie
727 2433 766 2496 de
780 2435 983 2497 extremitate
998 2435 1120 2518 poculi.
1144 2440 1231 2501 conf.
1242 2439 1353 2502 Klotz.

421 2523 597 2601 Tyrtaeum
619 2540 651 2601 p.
669 2518 722 2582 55.
743 2519 792 2580 ed.
808 2519 940 2582 Altenb.
965 2541 1114 2604 compara
1130 2521 1305 2608 Virgilium
1317 2525 1353 2585 in

357 2608 428 2668 Ecl.
445 2605 507 2680 111,
523 2601 576 2667 58.
606 2603 662 2686 qui
682 2603 790 2664 limam
814 2604 950 2666 addidit.
980 2607 1079 2668 Harl.
1117 2611 1182 2692 1123,
1206 2607 1295 2692 quod
1316 2609 1351 2669 in

356 2691 473 2752 Iuntae
497 2687 576 2750 edit.
595 2703 627 2752 et
640 2688 787 2770 pluribus
802 2689 884 2752 Cdd.
902 2713 975 2752 cum
987 2691 1109 2754 vitioso
1125 2695 1197 2758 ποτὶ
1209 2715 1269 2775 pro
1284 2698 1355 2777 περὶ

356 2773 541 2850 invenitur,
561 2788 688 2856 praeter
708 2776 931 2836 necessitatem
953 2773 1044 2836 dedit
1056 2777 1211 2838 Valcken.
1239 2779 1294 2842 Τῶ
1309 2783 1353 2840 le.

359 2860 409 2945 git
422 2857 626 2920 Scholiaatea.
648 2857 747 2918 Dabl.
760 2873 923 2940 comparat
937 2857 1014 2918 Her.
1030 2859 1118 2920 Seut.
1129 2859 1208 2921 ·146.
1231 2864 1351 2924 Kieaal.

357 2941 488 3027 made]
528 2943 661 3015 hedera,
694 2943 824 3020 Ephori,
861 2955 894 3002 et
920 2940 1052 3024 quidem
1081 2946 1135 3004 vel
1160 2963 1214 3018 ea,
1256 2966 1352 3030 quam

361 3030 455 3109 Caap.
480 3027 655 3088 Boukinna
676 3022 826 3086 hederam
847 3023 1027 3101 arboream,
1058 3031 1112 3088 vel
1134 3048 1229 3110 qaam
1243 3033 1351 3112 poeti.

358 3134 428 3178 eam
442 3115 579 3195 appellat
596 3109 632 3170 in
645 3109 762 3192 piuaoe
778 3107 879 3172 theat.
892 3108 962 3170 bot.
977 3131 1009 3192 p.
1025 3110 1098 3177 305.
1128 3112 1250 3176 Ambae
1265 3116 1351 3176 enim

357 3219 426 3260 nou
447 3199 550 3258 forma
571 3209 724 3269 externa,
746 3191 804 3254 aed
825 3195 938 3256 fructu
959 3194 1132 3273 differunt,
1162 3197 1219 3258 illa
1242 3198 1349 3285 nigro,

301 3331 306 3338 .
357 3283 437 3346 haec
459 3301 567 3344 aureo.
592 3280 717 3342 Sobreb.
746 3279 802 3340 De
822 3278 951 3362 triplice
973 3279 1110 3344 hederae
1127 3303 1245 3368 genere
1261 3286 1350 3346 conf.

357 3369 451 3431 Voss.
479 3364 521 3427 ad
540 3363 658 3449 Virgil.
679 3365 751 3426 Eol.
778 3385 812 3448 p.
834 3383 906 3428 120.
921 3385 968 3450 eq.
1000 3365 1083 3428 adde
1110 3367 1271 3450 Spreogel.
1301 3369 1352 3428 hi·

358 3469 437 3516 ator.
456 3450 506 3513 rei
519 3449 643 3512 herbar.
660 3451 753 3512 Tom.
767 3451 794 3511 1.
810 3470 842 3533 Ρ.
860 3446 930 3516 165.
973 3451 1048 3514 Ηοο
1064 3455 1139 3514 loco
1152 3451 1353 3538 intelligitur

357 3535 476 3600 hedera
499 3535 592 3621 nigra
613 3556 640 3600 a.
660 3534 809 3616 poetica,
840 3555 902 3617 qua
932 3535 1011 3598 olim
1030 3535 1194 3612 Bacchus,
1227 3538 1297 3598 Pan
1319 3551 1352 3599 et

355 3637 474 3708 poetae
494 3619 752 3696 coronabantur,
778 3641 860 3704 quae
880 3642 898 3681 a
918 3620 1040 3682 croceis
1060 3621 1222 3702 corymbis
1237 3621 1351 3706 (gelbe

357 3701 632 3788 Fruchttrauben)
646 3702 863 3789 χρυσόκαρπος
876 3720 909 3770 et
923 3704 1101 3767 Theocrito
1117 3706 1152 3764 in
1167 3705 1351 3789 Epigr.III.

355 3793 388 3861 5.
410 3786 550 3876 κροκόεις
577 3805 724 3856 vocatur.
752 3812 784 3854 v.
804 3791 913 3854 Bentl.
935 3788 976 3851 ad
996 3791 1111 3853 Horat.
1134 3790 1240 3875 Epist.
1254 3790 1283 3867 Ι,
1303 3809 1351 3876 19.

358 3899 409 3944 10.
452 3879 571 3942 Kieaal.

313 3971 365 4036 30·
387 3966 576 4044 κεκονιμένος
589 3966 696 4044 plures
711 3960 793 4024 Cdd.
809 3975 842 4023 et
850 3957 1011 4034 Brunclr.;
1035 3973 1069 4021 at
1083 3959 1169 4022 nihil
1184 3960 1349 4032 intereaae.

355 4063 468 4113 monet
489 4047 679 4112 Valckenar.
702 4045 856 4129 (Thomas
871 4046 923 4108 M.
940 4048 993 4110 arai
1005 4048 1216 4128 aexovtopr'voc
1230 4050 1284 4111 noi
1296 4067 1351 4110 trt-

354 4138 549 4221 κονιμένος.)
581 4135 726 4205 Kovt'Ctrv
746 4152 823 4193 vero
838 4133 891 4192 vel
903 4133 1017 4194 κονίαν
1033 4151 1100 4192 esre
1109 4133 1274 4210 pulverem
1289 4130 1352 4190 ad·

355 4242 516 4306 spargere,
552 4217 631 4280 dein
666 4216 701 4276 in
730 4235 847 4301 genere
877 4215 1081 4298 adsperge„
1124 4228 1158 4275 et
1187 4213 1350 4279 diversum
