2872 5018
221 402 282 472 250
392 406 707 474 enormen
736 405 1056 471 οιΑτΛΛιοΝ
1081 393 1119 476 ς’.

171 621 175 642 ·
223 573 389 660 Boillsv’·
423 577 499 654 lael
515 571 581 654 τδι
597 584 713 662 ξεῖνον
730 574 752 652 δ
767 571 949 672 διίσμορος
964 569 1029 681 otiu
1047 577 1141 674 ἐλιρῖ
1149 597 1232 667 μου.

226 681 305 760 Καὶ
321 677 366 781 δή
379 677 455 778 μαι
472 679 596 755 οίπίοιο
611 681 837 776 πεπαίτερος·
872 685 912 752 οἱ
928 679 967 752 dl
985 683 1147 770 γοναῖιιες
1214 695 1288 744 ruo

226 787 286 862 Aa*
298 789 351 874 αἴ,
378 781 504 881 φαντί,
532 785 666 876 ριλῐιι·
694 777 739 856 τό
758 811 821 856 τοι
837 775 947 856 solda
966 779 1081 862 ἄνθος
1098 778 1259 874 δπορριῑ.

229 890 376 986 Μηκέτι
391 913 452 960 τοι
469 888 701 982 φρουρίωμις
717 885 775 958 ἐπί
790 877 1037 980 προθύροισιν
1041 937 1056 973 ,
1077 881 1236 974 Ἀρατε,

230 991 339 1088 Μηδὲ
355 983 467 1070 πόδας
484 988 672 1084 τρίβωμος·
700 986 721 1060 ὁ
737 984 767 1061 δ’
784 987 937 1084 ὄρθριος
952 984 1063 1060 ἄλλοι
1078 981 1238 1079 α’ίίιιτοιρ

231 1086 450 1168 Kanelate»
465 1085 655 1187 ια’ριιαισιι
673 1087 858 1189 αἰιιηραῖσι
873 1089 1004 1187 διδοίη·

230 1195 299 1276 Ele
323 1190 353 1268 δ’
375 1193 434 1268 ίπί
455 1194 560 1275 clete
568 1247 583 1284 ,
610 1195 781 1291 φέριστε,
812 1187 954 1268 Μόλων
977 1189 1130 1285 ἄρχοιτο
1153 1185 1293 1262 παλαί-

814 1321 859 1369 στ
883 1315 934 1376 ας·
1221 1293 1293 1362 ιτό

226 1397 373 1494 'Appia
391 1395 421 1472 δ
437 1397 568 1491 ἁσυχία
583 1427 626 1474 τι
639 1401 747 1493 μέλοι
755 1453 769 1488 ,
795 1321 906 1498 γραία
921 1425 963 1472 τε
979 1393 1125 1495 παρείη,

230 1565 436 1594 ...μ-...-

258 1678 327 1742 ¹¹9·
355 1686 413 1745 peu
436 1685 477 1725 cx
499 1661 572 1726 edd.
596 1660 685 1750 (fere
708 1655 879 1745 omnibus)
904 1674 943 1723 'et
963 1659 1035 1722 edd.
1056 1682 1107 1743 pr.
1129 1659 1297 1722 revocavit

293 1745 427 1824 Reislse,
451 1770 546 1832 quern
561 1749 666 1809 secuti
681 1761 758 1808 sunt
770 1747 801 1808 V
802 1747 925 1808 alcken.
942 1760 977 1807 et
991 1745 1133 1806 Brunck.
1176 1746 1297 1827 Vulgu-

299 1843 367 1890 turn
379 1854 449 1910 μισ
466 1832 630 1916 Stephano
653 1832 686 1891 in
701 1831 895 1915 posteriores
914 1831 1007 1893 venit
1020 1829 1194 1892 editiones.
1237 1829 1297 1890 At·
1313 1833 1317 1842 '

298 1915 555 1998 quiSimichidas
570 1917 726 2002 queritur,
749 1937 816 1978 non
833 1937 877 1992 se,
900 1913 956 1978 sed
969 1915 1106 1976 amicum
1118 1937 1211 1976 suum
1219 1912 1299 1975 Ara·

299 2013 367 2058 tum
384 2017 582 2064 contemtum
599 2023 667 2064 esse
683 2003 700 2062 'a
716 1999 861 2063 Philino.
883 2001 981 2063 Harl.
1025 1998 1215 2084 legendum
1232 2019 1299 2061 esse

297 2108 367 2166 μευ,
390 2083 452 2146 iam
469 2086 652 2148 Casaubon.
667 2101 699 2147 et
711 2085 867 2148 Heinsius
880 2099 1082 2147 monuerant.
1120 2083 1228 2146 Schol.
1245 2079 1299 2149 τδι

298 2170 374 2249 ι’μίι
388 2177 476 2256 φίλοι
490 2171 546 2238 oris
566 2175 654 2238 ἐλεεῖ.
698 2169 738 2233 In
756 2171 805 2232 cd.
820 2170 940 2234 Schell.
955 2167 1085 2233 videtur
1099 2169 1207 2254 primo
1222 2168 1299 2230 scri·

298 2269 392 2338 ptum
405 2257 507 2318 fuisse
524 2258 602 2335 ἕίιῆ.
646 2258 755 2318 Kiessl
796 2279 797 2282 ¹
848 2261 853 2270 '

262 2373 321 2418 120
334 2390 379 2406 -
396 2356 465 2422 124.
490 2357 634 2444 Contigit
646 2380 696 2422 se:
720 2363 772 2426 καί
788 2355 827 2434 δὴ
842 2354 920 2440 pois,
944 2361 1049 2440 atqui.
1093 2357 1214 2418 Sensus
1234 2368 1300 2418 est:

303 2439 370 2502 Cur
394 2440 518 2506 advoco
535 2442 731 2526 Cupidines,
754 2459 792 2506 vt
804 2443 971 2506 Philinum
993 2441 1032 2502 ud
1047 2441 1138 2502 Arati
1162 2460 1301 2501 amorem

304 2527 475 2590 excitent?
498 2535 547 2610 (v.
564 2525 651 2608 118.)
673 2551 748 2592 nem
763 2529 914 2590 Philinus
933 2542 981 2590 est
1000 2527 1065 2588 iam
1079 2525 1240 2588 exoletior
1252 2523 1302 2608 pi·

302 2633 406 2696 toque
429 2612 576 2689 mollior,
607 2615 652 2676 ita
667 2631 705 2677 vt
724 2615 931 2676 mulierculae
952 2610 1078 2674 dicunt:
1109 2611 1209 2683 αδιῖι,
1231 2609 1302 2670 sive

303 2699 432 2780 potius,
470 2705 587 2759 sensim
607 2712 637 2760 et
654 2702 821 2782 paulatim
838 2699 952 2777 defluit
972 2697 1033 2757 ιίδί
1047 2699 1116 2773 flos
1140 2707 1171 2754 st
1187 2697 1303 2775 gralia

299 2785 454 2862 plectilis.-
486 2805 541 2846 neo
561 2797 635 2846 ante
653 2785 746 2866 fores
765 2785 895 2844 Philini
922 2784 1062 2864 amplius
1082 2779 1302 2862 vigilabimus.

304 2866 468 2954 ’Ἰπορίριἶ,
490 2866 578 2953 quod
600 2867 732 2930 verbum
748 2869 902 2932 Valcken.
916 2889 958 2931 ex
974 2867 1083 2928 multis
1099 2863 1188 2940 cdd,
1213 2867 1305 2942 (con-

304 2951 521 3014 sentientibus
535 2952 620 3038 Au'g.
639 2967 672 3014 et
684 2953 816 3035 Schell.)
835 2967 867 3014 et
889 2951 966 3015 edit.
982 2951 1122 3014 Mediol.
1138 2947 1305 3094 rescripsit

305 3038 365 3118 pio
378 3040 511 3120 vulgato
533 3033 682 3121 ἀπορρεῖ,
704 3053 770 3114 est,
795 3037 836 3099 ob
852 3037 1126 3122 praepositionem
1141 3030 1233 3101 dada
1258 3031 1306 3094 di·

277 3191 280 3196 Ι
306 3133 389 3197 tem,
420 3124 539 3182 sensim
557 3135 587 3182 et
604 3125 770 3201 paulatim
792 3123 914 3200 defluit.
948 3121 1089 3185 Brunck.
1128 3115 1165 3186 τδ
1186 3122 1234 3184 τίν
1253 3152 1305 3182 ·-.

304 3203 393 3266 Idem
424 3228 495 3266 cum
518 3205 628 3269 Valck.
654 3228 695 3269 ex
726 3208 850 3292 aliquot
875 3204 946 3270 odd.
972 3205 1077 3268 edidit
1099 3207 1308 3288 φρουρίοιμες,

306 3288 395 3434 guod
410 3291 654 3372 pronuntiando
672 3307 719 3354 est
734 3291 998 3355 contrahendum.
1020 3325 1064 3340 -
1085 3284 1306 3372 ιίλιίτοιρ,σίδ.

330 3372 414 3438 chol.
429 3388 461 3436 et
477 3373 645 3458 interpret.
659 3376 699 3438 ad
713 3381 864 3461 Longum
879 3399 911 3460 p.
927 3375 998 3452 «274.
1014 3374 1138 3438 Boden.
1172 3375 1306 3436 Sensus:

307 3457 353 3516 od
366 3463 471 3520 amati
482 3459 574 3539 fores
590 3464 677 3523 alius
694 3475 868 3544 perlatam
890 3473 1011 3522 noctem
1022 3459 1164 3532 excubet,
1186 3471 1217 3518 et
1234 3457 1308 3540 fri-

304 3563 388 3623 gora
401 3548 565 3606 matutina
583 3552 744 3627 patiatur.
787 3544 914 3631 Ntipssots
933 3544 1059 3628 ἀνιηροί
1078 3560 1156 3606 sunt
1170 3542 1309 3625 frigora

307 3634 490 3704 matutina,
514 3651 595 3714 quae
615 3632 673 3694 sub
692 3632 769 3718 galli
790 3647 919 3694 centum
938 3629 1085 3716 graviora
1106 3649 1176 3691 esse
1190 3633 1307 3692 solent.
1335 3642 1339 3654 ¹

308 3733 340 3773 v.
360 3717 468 3797 Toup.
492 3749 534 3762 -
560 3716 717 3802 ἄνιηραῐοι
743 3715 886 3781 Brunek.
915 3717 1013 3778 Harl.
1065 3713 1132 3796 [al,
1166 3716 1217 3788 αἶ,
1248 3709 1307 3774 Cd.

310 3797 428 3862 Schell.
444 3821 475 3860 v.
492 3799 532 3862 ad
550 3804 592 3864 11.
607 3803 659 3868 55.
681 3839 725 3853 —
753 3825 800 3865 vs.
820 3821 887 3866 122.
904 3800 1053 3862 Iacobsio
1068 3797 1243 3882 legendum
1261 3799 1310 3857 vi·

310 3880 420 3944 detur:
443 3887 550 3967 μητείι
561 3897 591 3954 σί
602 3923 645 3938 -·
667 3911 731 3950 non
745 3889 896 3968 amplius,
920 3886 1064 3958 oArace,
1085 3891 1122 3946 s'n
1137 3888 1206 3943 eius
1222 3883 1311 3942 limi-

310 3969 404 4030 nibus
421 3982 545 4032 noctem
560 3978 788 4056 transigamus.
823 3972 868 4033 At
880 3970 944 4032 hoc
956 3979 985 4037 σί
1002 3975 1097 4054 plene
1112 3964 1311 4050 superfluum

312 4069 369 4117 est.
391 4089 435 4104 -
457 4053 616 4120 Continet
630 4058 685 4121 hic
698 4075 809 4120 versus
823 4053 971 4116 blandem
983 4052 1179 4117 Simichidue
1197 4051 1312 4112 dehor-

311 4140 486 4220 tationem,
511 4163 552 4204 no
567 4143 703 4223 Aratus,
728 4143 821 4206 euius
844 4161 910 4219 res,
934 4153 971 4204 vt
984 4142 1124 4214 amicus,
1149 4136 1313 4200 amicitiae
