<?xml version="1.0" encoding="UTF-8"?>
<!DOCTYPE html PUBLIC "-//W3C//DTD XHTML 1.0 Transitional//EN"
    "http://www.w3.org/TR/xhtml1/DTD/xhtml1-transitional.dtd">
<html xmlns="http://www.w3.org/1999/xhtml" xml:lang="en" lang="en">
 <head>
  <title>
</title>
<meta http-equiv="Content-Type" content="text/html;charset=utf-8" />
  <meta name='ocr-system' content='tesseract 3.04.00' />
  <meta name='ocr-capabilities' content='ocr_page ocr_carea ocr_par ocr_line ocrx_word'/>
</head>
<body>
  <div class='ocr_page' id='page_1' title='image "./theocritireliqv00kiesgoog_0097.png"; bbox 0 0 2816 5016; ppageno 0'>
   <div class='ocr_carea' id='block_1_1' title="bbox 230 347 1118 433">
    <p class='ocr_par' dir='ltr' id='par_1_1' title="bbox 230 347 1118 433">
     <span class='ocr_line' id='line_1_1' title="bbox 230 347 1118 433; baseline -0.011 -4"><span class='ocrx_word' id='word_1_1' title='bbox 230 355 272 425; x_wconf 77' lang='lat'><strong>88</strong></span> <span class='ocrx_word' id='word_1_2' title='bbox 407 363 720 428; x_wconf 74' lang='lat' dir='ltr'><strong>erorrrror</strong></span> <span class='ocrx_word' id='word_1_3' title='bbox 739 359 1053 424; x_wconf 74' lang='lat' dir='ltr'><em>EJATAAJON</em></span> <span class='ocrx_word' id='word_1_4' title='bbox 1080 347 1118 433; x_wconf 71' lang='grc' dir='ltr'><strong>ρ.</strong></span> 
     </span>
    </p>
   </div>
   <div class='ocr_carea' id='block_1_2' title="bbox 234 516 1311 1034">
    <p class='ocr_par' dir='ltr' id='par_1_2' title="bbox 234 516 1243 634">
     <span class='ocr_line' id='line_1_2' title="bbox 234 516 1243 634; baseline -0.018 -21"><span class='ocrx_word' id='word_1_5' title='bbox 234 534 394 634; x_wconf 56' lang='lat' dir='ltr'><strong>”Eridane</strong></span> <span class='ocrx_word' id='word_1_6' title='bbox 411 532 440 609; x_wconf 77' lang='lat' dir='ltr'><strong>d</strong></span> <span class='ocrx_word' id='word_1_7' title='bbox 456 541 492 610; x_wconf 77' lang='grc' dir='ltr'><strong>ἐκ</strong></span> <span class='ocrx_word' id='word_1_8' title='bbox 507 533 663 626; x_wconf 72' lang='grc' dir='ltr'><strong><em>κεφαλᾶς</em></strong></span> <span class='ocrx_word' id='word_1_9' title='bbox 678 531 794 604; x_wconf 72' lang='grc' dir='ltr'><strong><em>πᾶσαι</em></strong></span> <span class='ocrx_word' id='word_1_10' title='bbox 808 527 937 628; x_wconf 77' lang='grc' dir='ltr'><strong><em>τρίχες·</em></strong></span> <span class='ocrx_word' id='word_1_11' title='bbox 972 519 1068 601; x_wconf 76' lang='lat' dir='ltr'><strong>crisci</strong></span> <span class='ocrx_word' id='word_1_12' title='bbox 1082 525 1119 598; x_wconf 76' lang='grc' dir='ltr'><strong>δὲ</strong></span> <span class='ocrx_word' id='word_1_13' title='bbox 1134 516 1243 598; x_wconf 62' lang='grc' dir='ltr'><strong><em>λοιπαὶ</em></strong></span> 
     </span>
    </p>

    <p class='ocr_par' dir='ltr' id='par_1_3' title="bbox 238 629 1309 734">
     <span class='ocr_line' id='line_1_3' title="bbox 238 629 1309 734; baseline -0.015 -22"><span class='ocrx_word' id='word_1_14' title='bbox 238 635 359 712; x_wconf 58' lang='lat' dir='ltr'><strong>’Oura‘</strong></span> <span class='ocrx_word' id='word_1_15' title='bbox 376 635 423 712; x_wconf 82' lang='grc' dir='ltr'><strong>ἔτ’</strong></span> <span class='ocrx_word' id='word_1_16' title='bbox 439 637 478 734; x_wconf 79' lang='grc' dir='ltr'><strong>ἦς</strong></span> <span class='ocrx_word' id='word_1_17' title='bbox 492 637 550 710; x_wconf 80' lang='grc' dir='ltr'><strong>καὶ</strong></span> <span class='ocrx_word' id='word_1_18' title='bbox 565 637 691 730; x_wconf 73' lang='grc' dir='ltr'><strong><em>δέρμα·</em></strong></span> <span class='ocrx_word' id='word_1_19' title='bbox 717 633 777 706; x_wconf 76' lang='grc' dir='ltr'><strong>καὶ</strong></span> <span class='ocrx_word' id='word_1_20' title='bbox 793 638 827 714; x_wconf 79' lang='grc' dir='ltr'><strong>ἐς</strong></span> <span class='ocrx_word' id='word_1_21' title='bbox 843 633 941 713; x_wconf 75' lang='grc' dir='ltr'><strong><em>τίνος</em></strong></span> <span class='ocrx_word' id='word_1_22' title='bbox 957 629 1023 706; x_wconf 78' lang='lat' dir='ltr'><strong>oris</strong></span> <span class='ocrx_word' id='word_1_23' title='bbox 1037 631 1190 726; x_wconf 83' lang='grc' dir='ltr'><strong><em>ἐπέρασα</em></strong></span> <span class='ocrx_word' id='word_1_24' title='bbox 1199 655 1212 718; x_wconf 92' lang='lat'><strong>,·</strong></span> <span class='ocrx_word' id='word_1_25' title='bbox 1245 649 1309 719; x_wconf 88' lang='lat'><strong>90</strong></span> 
     </span>
    </p>

    <p class='ocr_par' dir='ltr' id='par_1_4' title="bbox 237 733 1122 832">
     <span class='ocr_line' id='line_1_4' title="bbox 237 733 1122 832; baseline -0.016 -15"><span class='ocrx_word' id='word_1_26' title='bbox 237 742 303 816; x_wconf 88' lang='grc' dir='ltr'><strong><em>Ἦ</em></strong></span> <span class='ocrx_word' id='word_1_27' title='bbox 312 743 416 822; x_wconf 77' lang='grc' dir='ltr'><strong><em>ποίας</em></strong></span> <span class='ocrx_word' id='word_1_28' title='bbox 430 742 553 814; x_wconf 80' lang='grc' dir='ltr'><strong><em>ἔλιπον</em></strong></span> <span class='ocrx_word' id='word_1_29' title='bbox 569 737 696 832; x_wconf 75' lang='grc' dir='ltr'><strong><em>γραίας</em></strong></span> <span class='ocrx_word' id='word_1_30' title='bbox 711 733 838 830; x_wconf 80' lang='grc' dir='ltr'><em>δόμον,</em></span> <span class='ocrx_word' id='word_1_31' title='bbox 865 734 947 816; x_wconf 76' lang='grc' dir='ltr'><strong><em>ἅτις</em></strong></span> <span class='ocrx_word' id='word_1_32' title='bbox 970 735 1100 827; x_wconf 75' lang='grc' dir='ltr'><em>ἐπᾷδεν</em></span> <span class='ocrx_word' id='word_1_33' title='bbox 1109 759 1122 822; x_wconf 89' lang='grc'><strong>,·</strong></span> 
     </span>
    </p>

    <p class='ocr_par' dir='ltr' id='par_1_5' title="bbox 243 825 1311 1034">
     <span class='ocr_line' id='line_1_5' title="bbox 243 825 1311 940; baseline -0.013 -21"><span class='ocrx_word' id='word_1_34' title='bbox 243 839 341 920; x_wconf 76' lang='grc' dir='ltr'><strong>Ἀλλ’</strong></span> <span class='ocrx_word' id='word_1_35' title='bbox 369 841 408 940; x_wconf 76' lang='grc' dir='ltr'><strong>ἧς</strong></span> <span class='ocrx_word' id='word_1_36' title='bbox 436 837 541 914; x_wconf 74' lang='grc' dir='ltr'><em>οὐδὲν</em></span> <span class='ocrx_word' id='word_1_37' title='bbox 573 835 743 938; x_wconf 78' lang='grc' dir='ltr'><strong><em>ἐλαφρόν·</em></strong></span> <span class='ocrx_word' id='word_1_38' title='bbox 796 838 817 912; x_wconf 86' lang='grc' dir='ltr'>ὁ</span> <span class='ocrx_word' id='word_1_39' title='bbox 848 841 886 912; x_wconf 82' lang='grc' dir='ltr'><strong>δὲ</strong></span> <span class='ocrx_word' id='word_1_40' title='bbox 910 832 1038 937; x_wconf 77' lang='grc' dir='ltr'><strong><em>χρόνος</em></strong></span> <span class='ocrx_word' id='word_1_41' title='bbox 1068 833 1178 908; x_wconf 76' lang='lat' dir='ltr'><strong>risose</strong></span> <span class='ocrx_word' id='word_1_42' title='bbox 1203 825 1311 930; x_wconf 72' lang='lat' dir='ltr'><strong>‹prii-</strong></span> 
     </span>
     <span class='ocr_line' id='line_1_6' title="bbox 826 969 908 1034; baseline 0.012 -20"><span class='ocrx_word' id='word_1_43' title='bbox 826 969 908 1034; x_wconf 76' lang='lat' dir='ltr'><strong>yut.</strong></span> 
     </span>
    </p>
   </div>
   <div class='ocr_carea' id='block_1_3' title="bbox 249 1113 453 1132">
    <p class='ocr_par' dir='ltr' id='par_1_6' title="bbox 249 1113 453 1132">
     <span class='ocr_line' id='line_1_7' title="bbox 249 1113 453 1132; baseline -0.02 0"><span class='ocrx_word' id='word_1_44' title='bbox 249 1113 453 1132; x_wconf 47' lang='grc' dir='ltr'>Ἠ</span> 
     </span>
    </p>
   </div>
   <div class='ocr_carea' id='block_1_4' title="bbox 231 1187 1323 4174">
    <p class='ocr_par' dir='ltr' id='par_1_7' title="bbox 231 1187 1323 4174">
     <span class='ocr_line' id='line_1_8' title="bbox 311 1187 1314 1286; baseline -0.008 -24"><span class='ocrx_word' id='word_1_45' title='bbox 311 1187 502 1281; x_wconf 62' lang='lat' dir='ltr'><strong>associatos.</strong></span> <span class='ocrx_word' id='word_1_46' title='bbox 526 1221 590 1282; x_wconf 89' lang='lat' dir='ltr'><strong>quo</strong></span> <span class='ocrx_word' id='word_1_47' title='bbox 607 1205 711 1262; x_wconf 85' lang='lat' dir='ltr'><strong>lanam</strong></span> <span class='ocrx_word' id='word_1_48' title='bbox 734 1201 869 1286; x_wconf 83' lang='lat' dir='ltr'><strong>tingunt</strong></span> <span class='ocrx_word' id='word_1_49' title='bbox 891 1211 925 1261; x_wconf 93' lang='lat' dir='ltr'><strong>et</strong></span> <span class='ocrx_word' id='word_1_50' title='bbox 942 1197 1075 1281; x_wconf 75' lang='lat' dir='ltr'><strong>capillos</strong></span> <span class='ocrx_word' id='word_1_51' title='bbox 1096 1193 1234 1258; x_wconf 86' lang='lat' dir='ltr'><strong>reddunt</strong></span> <span class='ocrx_word' id='word_1_52' title='bbox 1248 1192 1314 1255; x_wconf 88' lang='lat' dir='ltr'><strong>fla-</strong></span> 
     </span>
     <span class='ocr_line' id='line_1_9' title="bbox 309 1279 1311 1370; baseline -0.001 -29"><span class='ocrx_word' id='word_1_53' title='bbox 309 1303 386 1358; x_wconf 83' lang='lat' dir='ltr'><strong>vos,</strong></span> <span class='ocrx_word' id='word_1_54' title='bbox 405 1283 501 1366; x_wconf 76' lang='lat' dir='ltr'><strong>quod</strong></span> <span class='ocrx_word' id='word_1_55' title='bbox 519 1283 604 1345; x_wconf 88' lang='lat' dir='ltr'><strong>idem</strong></span> <span class='ocrx_word' id='word_1_56' title='bbox 622 1281 824 1370; x_wconf 69' lang='grc' dir='ltr'><strong><em>χρυσόξυλον,</em></strong></span> <span class='ocrx_word' id='word_1_57' title='bbox 855 1288 981 1366; x_wconf 74' lang='lat' dir='ltr'><strong>lignum</strong></span> <span class='ocrx_word' id='word_1_58' title='bbox 1002 1305 1148 1355; x_wconf 84' lang='lat' dir='ltr'><strong>aureum,</strong></span> <span class='ocrx_word' id='word_1_59' title='bbox 1170 1279 1311 1354; x_wconf 87' lang='lat' dir='ltr'><strong>dicitnr,</strong></span> 
     </span>
     <span class='ocr_line' id='line_1_10' title="bbox 312 1359 1313 1454; baseline 0 -28"><span class='ocrx_word' id='word_1_60' title='bbox 312 1367 360 1427; x_wconf 86' lang='lat' dir='ltr'><strong>vti</strong></span> <span class='ocrx_word' id='word_1_61' title='bbox 375 1367 565 1430; x_wconf 67' lang='lat' dir='ltr'><strong>scholiastes</strong></span> <span class='ocrx_word' id='word_1_62' title='bbox 581 1369 696 1444; x_wconf 71' lang='lat' dir='ltr'><strong>uadit,</strong></span> <span class='ocrx_word' id='word_1_63' title='bbox 721 1395 762 1432; x_wconf 87' lang='lat' dir='ltr'><strong>au</strong></span> <span class='ocrx_word' id='word_1_64' title='bbox 778 1371 876 1432; x_wconf 87' lang='lat' dir='ltr'><strong>herba</strong></span> <span class='ocrx_word' id='word_1_65' title='bbox 892 1366 1047 1454; x_wconf 79' lang='lat' dir='ltr'><strong>quaedam</strong></span> <span class='ocrx_word' id='word_1_66' title='bbox 1060 1365 1178 1450; x_wconf 86' lang='lat' dir='ltr'><strong>pallida</strong></span> <span class='ocrx_word' id='word_1_67' title='bbox 1193 1359 1313 1446; x_wconf 70' lang='grc' dir='ltr'>(φυτόν</span> 
     </span>
     <span class='ocr_line' id='line_1_11' title="bbox 310 1449 1312 1538; baseline -0.007 -22"><span class='ocrx_word' id='word_1_68' title='bbox 310 1477 342 1516; x_wconf 81' lang='lat' dir='ltr'><strong>rs</strong></span> <span class='ocrx_word' id='word_1_69' title='bbox 353 1451 469 1538; x_wconf 79' lang='grc' dir='ltr'><strong><em>χλωρὸν</em></strong></span> <span class='ocrx_word' id='word_1_70' title='bbox 484 1453 531 1514; x_wconf 90' lang='lat' dir='ltr'><strong>ait</strong></span> <span class='ocrx_word' id='word_1_71' title='bbox 545 1455 752 1538; x_wconf 82' lang='lat' dir='ltr'><strong>Asclepiades</strong></span> <span class='ocrx_word' id='word_1_72' title='bbox 777 1454 864 1538; x_wconf 85' lang='lat' dir='ltr'><strong>apud</strong></span> <span class='ocrx_word' id='word_1_73' title='bbox 877 1453 1080 1516; x_wconf 86' lang='lat' dir='ltr'><strong>Scholiasten</strong></span> <span class='ocrx_word' id='word_1_74' title='bbox 1094 1450 1133 1512; x_wconf 86' lang='lat' dir='ltr'><strong>ad</strong></span> <span class='ocrx_word' id='word_1_75' title='bbox 1147 1451 1178 1514; x_wconf 91' lang='lat' dir='ltr'><strong>h.</strong></span> <span class='ocrx_word' id='word_1_76' title='bbox 1194 1449 1230 1534; x_wconf 89' lang='lat' dir='ltr'><strong>l.)</strong></span> <span class='ocrx_word' id='word_1_77' title='bbox 1253 1449 1312 1510; x_wconf 89' lang='lat' dir='ltr'><strong>Si·</strong></span> 
     </span>
     <span class='ocr_line' id='line_1_12' title="bbox 312 1535 1309 1622; baseline -0.001 -26"><span class='ocrx_word' id='word_1_78' title='bbox 312 1541 398 1614; x_wconf 89' lang='lat' dir='ltr'><strong>cula,</strong></span> <span class='ocrx_word' id='word_1_79' title='bbox 430 1537 467 1598; x_wconf 82' lang='lat' dir='ltr'><strong>ab</strong></span> <span class='ocrx_word' id='word_1_80' title='bbox 492 1537 629 1602; x_wconf 85' lang='lat' dir='ltr'><strong>Crateua</strong></span> <span class='ocrx_word' id='word_1_81' title='bbox 646 1539 778 1603; x_wconf 89' lang='lat' dir='ltr'><strong>inventa</strong></span> <span class='ocrx_word' id='word_1_82' title='bbox 799 1539 834 1598; x_wconf 90' lang='lat' dir='ltr'><strong>in</strong></span> <span class='ocrx_word' id='word_1_83' title='bbox 856 1539 962 1600; x_wconf 88' lang='lat' dir='ltr'><strong>insula</strong></span> <span class='ocrx_word' id='word_1_84' title='bbox 985 1535 1136 1622; x_wconf 89' lang='lat' dir='ltr'><strong>quadam,</strong></span> <span class='ocrx_word' id='word_1_85' title='bbox 1160 1535 1309 1616; x_wconf 81' lang='lat' dir='ltr'><strong>Thapso,</strong></span> 
     </span>
     <span class='ocr_line' id='line_1_13' title="bbox 313 1619 1312 1709; baseline -0.003 -26"><span class='ocrx_word' id='word_1_86' title='bbox 313 1643 396 1706; x_wconf 86' lang='lat' dir='ltr'><strong>quae</strong></span> <span class='ocrx_word' id='word_1_87' title='bbox 414 1638 464 1686; x_wconf 91' lang='lat' dir='ltr'><strong>est</strong></span> <span class='ocrx_word' id='word_1_88' title='bbox 479 1645 540 1685; x_wconf 81' lang='lat' dir='ltr'><strong>vna</strong></span> <span class='ocrx_word' id='word_1_89' title='bbox 554 1623 747 1709; x_wconf 85' lang='lat' dir='ltr'><strong>Sporadum,</strong></span> <span class='ocrx_word' id='word_1_90' title='bbox 771 1625 834 1686; x_wconf 88' lang='lat' dir='ltr'><strong>sita</strong></span> <span class='ocrx_word' id='word_1_91' title='bbox 848 1625 934 1685; x_wconf 87' lang='lat' dir='ltr'><strong>inter</strong></span> <span class='ocrx_word' id='word_1_92' title='bbox 947 1623 1138 1684; x_wconf 84' lang='lat' dir='ltr'><strong>Arcaeusam</strong></span> <span class='ocrx_word' id='word_1_93' title='bbox 1154 1635 1185 1684; x_wconf 90' lang='lat' dir='ltr'><strong>ct</strong></span> <span class='ocrx_word' id='word_1_94' title='bbox 1199 1619 1312 1682; x_wconf 86' lang='lat' dir='ltr'><strong>Phoe·</strong></span> 
     </span>
     <span class='ocr_line' id='line_1_14' title="bbox 313 1703 1313 1785; baseline -0.007 -17"><span class='ocrx_word' id='word_1_95' title='bbox 313 1709 428 1785; x_wconf 84' lang='lat' dir='ltr'><strong>nicea,</strong></span> <span class='ocrx_word' id='word_1_96' title='bbox 452 1708 547 1771; x_wconf 88' lang='lat' dir='ltr'><strong>cuius</strong></span> <span class='ocrx_word' id='word_1_97' title='bbox 559 1733 656 1772; x_wconf 87' lang='lat' dir='ltr'><strong>succo</strong></span> <span class='ocrx_word' id='word_1_98' title='bbox 671 1709 720 1771; x_wconf 94' lang='lat' dir='ltr'><strong>illi</strong></span> <span class='ocrx_word' id='word_1_99' title='bbox 742 1710 898 1772; x_wconf 82' lang='lat' dir='ltr'><strong>obtiount</strong></span> <span class='ocrx_word' id='word_1_100' title='bbox 912 1708 1047 1782; x_wconf 86' lang='lat' dir='ltr'><strong>faciem,</strong></span> <span class='ocrx_word' id='word_1_101' title='bbox 1090 1707 1127 1766; x_wconf 92' lang='lat' dir='ltr'><strong>ui</strong></span> <span class='ocrx_word' id='word_1_102' title='bbox 1140 1707 1242 1766; x_wconf 83' lang='lat' dir='ltr'><strong>velint</strong></span> <span class='ocrx_word' id='word_1_103' title='bbox 1257 1703 1313 1762; x_wconf 86' lang='lat' dir='ltr'><strong>vi·</strong></span> 
     </span>
     <span class='ocr_line' id='line_1_15' title="bbox 314 1784 1310 1881; baseline -0.006 -27"><span class='ocrx_word' id='word_1_104' title='bbox 314 1791 383 1854; x_wconf 86' lang='lat' dir='ltr'><strong>deri</strong></span> <span class='ocrx_word' id='word_1_105' title='bbox 403 1791 519 1878; x_wconf 86' lang='lat' dir='ltr'><strong>pallidi</strong></span> <span class='ocrx_word' id='word_1_106' title='bbox 541 1811 574 1859; x_wconf 88' lang='lat' dir='ltr'><strong>et</strong></span> <span class='ocrx_word' id='word_1_107' title='bbox 591 1784 733 1881; x_wconf 81' lang='lat' dir='ltr'><strong>aegroti,</strong></span> <span class='ocrx_word' id='word_1_108' title='bbox 758 1812 794 1858; x_wconf 80' lang='lat' dir='ltr'><strong>vt</strong></span> <span class='ocrx_word' id='word_1_109' title='bbox 808 1793 980 1857; x_wconf 87' lang='lat' dir='ltr'><strong>Scholiast.</strong></span> <span class='ocrx_word' id='word_1_110' title='bbox 997 1791 1037 1852; x_wconf 83' lang='lat' dir='ltr'><strong>ed</strong></span> <span class='ocrx_word' id='word_1_111' title='bbox 1083 1790 1205 1852; x_wconf 85' lang='lat' dir='ltr'><strong>rcandri</strong></span> <span class='ocrx_word' id='word_1_112' title='bbox 1219 1788 1310 1850; x_wconf 82' lang='lat' dir='ltr'><strong>The-</strong></span> 
     </span>
     <span class='ocr_line' id='line_1_16' title="bbox 312 1875 1310 1964; baseline -0.006 -26"><span class='ocrx_word' id='word_1_113' title='bbox 312 1879 389 1940; x_wconf 89' lang='lat' dir='ltr'><strong>riac.</strong></span> <span class='ocrx_word' id='word_1_114' title='bbox 403 1902 433 1942; x_wconf 90' lang='lat' dir='ltr'><strong>v.</strong></span> <span class='ocrx_word' id='word_1_115' title='bbox 450 1883 521 1964; x_wconf 78' lang='lat'><strong>529.</strong></span> <span class='ocrx_word' id='word_1_116' title='bbox 536 1897 700 1957; x_wconf 81' lang='lat' dir='ltr'><strong>memorat,</strong></span> <span class='ocrx_word' id='word_1_117' title='bbox 724 1880 858 1944; x_wconf 73' lang='lat' dir='ltr'><strong>alterius</strong></span> <span class='ocrx_word' id='word_1_118' title='bbox 875 1878 1052 1964; x_wconf 84' lang='lat' dir='ltr'><strong>investigat</strong></span> <span class='ocrx_word' id='word_1_119' title='bbox 1067 1881 1113 1938; x_wconf 92' lang='lat' dir='ltr'><strong>lo.</strong></span> <span class='ocrx_word' id='word_1_120' title='bbox 1123 1875 1276 1952; x_wconf 42' lang='lat' dir='ltr'><strong>nodam,</strong></span> <span class='ocrx_word' id='word_1_121' title='bbox 1289 1893 1310 1932; x_wconf 92' lang='lat' dir='ltr'><strong>a</strong></span> 
     </span>
     <span class='ocr_line' id='line_1_17' title="bbox 314 1953 1310 2048; baseline -0.007 -22"><span class='ocrx_word' id='word_1_122' title='bbox 314 1965 424 2048; x_wconf 88' lang='lat' dir='ltr'><strong>Stapel</strong></span> <span class='ocrx_word' id='word_1_123' title='bbox 443 1964 483 2026; x_wconf 89' lang='lat' dir='ltr'><strong>ad</strong></span> <span class='ocrx_word' id='word_1_124' title='bbox 500 1965 718 2048; x_wconf 86' lang='lat' dir='ltr'><strong>Theophrasti</strong></span> <span class='ocrx_word' id='word_1_125' title='bbox 741 1965 856 2028; x_wconf 87' lang='lat' dir='ltr'><strong>histor.</strong></span> <span class='ocrx_word' id='word_1_126' title='bbox 879 1969 980 2048; x_wconf 88' lang='lat' dir='ltr'><strong>plant.</strong></span> <span class='ocrx_word' id='word_1_127' title='bbox 1000 1963 1072 2024; x_wconf 85' lang='lat' dir='ltr'><strong>libr.</strong></span> <span class='ocrx_word' id='word_1_128' title='bbox 1095 1962 1152 2024; x_wconf 87' lang='lat' dir='ltr'><strong>IX.</strong></span> <span class='ocrx_word' id='word_1_129' title='bbox 1174 1979 1241 2042; x_wconf 79' lang='lat' dir='ltr'><strong>osp-</strong></span> <span class='ocrx_word' id='word_1_130' title='bbox 1259 1953 1310 2022; x_wconf 83' lang='grc'><strong>15.</strong></span> 
     </span>
     <span class='ocr_line' id='line_1_18' title="bbox 313 2028 1309 2134; baseline -0.01 -22"><span class='ocrx_word' id='word_1_131' title='bbox 313 2070 347 2132; x_wconf 81' lang='lat' dir='ltr'><strong>p.</strong></span> <span class='ocrx_word' id='word_1_132' title='bbox 373 2052 462 2112; x_wconf 74' lang='lat'><strong>1104.</strong></span> <span class='ocrx_word' id='word_1_133' title='bbox 491 2052 579 2112; x_wconf 87' lang='lat' dir='ltr'><strong>conf.</strong></span> <span class='ocrx_word' id='word_1_134' title='bbox 602 2053 706 2116; x_wconf 84' lang='lat' dir='ltr'><strong>Wolf.</strong></span> <span class='ocrx_word' id='word_1_135' title='bbox 736 2050 776 2112; x_wconf 88' lang='lat' dir='ltr'><strong>ad</strong></span> <span class='ocrx_word' id='word_1_136' title='bbox 798 2049 948 2134; x_wconf 89' lang='lat' dir='ltr'><strong>Sapphus</strong></span> <span class='ocrx_word' id='word_1_137' title='bbox 980 2049 1157 2133; x_wconf 83' lang='lat' dir='ltr'><strong>fragmenta</strong></span> <span class='ocrx_word' id='word_1_138' title='bbox 1176 2028 1210 2128; x_wconf 61' lang='lat' dir='ltr'><strong>pl</strong></span> <span class='ocrx_word' id='word_1_139' title='bbox 1234 2041 1309 2128; x_wconf 76' lang='grc'><strong>149.</strong></span> 
     </span>
     <span class='ocr_line' id='line_1_19' title="bbox 316 2130 1311 2216; baseline -0.007 -22"><span class='ocrx_word' id='word_1_140' title='bbox 316 2137 415 2195; x_wconf 79' lang='lat' dir='ltr'><strong>Harl.</strong></span> <span class='ocrx_word' id='word_1_141' title='bbox 438 2169 482 2184; x_wconf 92' lang='lat'><em>-</em></span> <span class='ocrx_word' id='word_1_142' title='bbox 510 2137 667 2216; x_wconf 76' lang='lat' dir='ltr'><strong>Thapsus,</strong></span> <span class='ocrx_word' id='word_1_143' title='bbox 692 2135 867 2199; x_wconf 89' lang='lat' dir='ltr'><strong>secundum</strong></span> <span class='ocrx_word' id='word_1_144' title='bbox 881 2133 1095 2207; x_wconf 87' lang='lat' dir='ltr'><strong>Scholiasten,</strong></span> <span class='ocrx_word' id='word_1_145' title='bbox 1119 2144 1166 2193; x_wconf 87' lang='lat' dir='ltr'><strong>est</strong></span> <span class='ocrx_word' id='word_1_146' title='bbox 1184 2130 1311 2213; x_wconf 85' lang='lat' dir='ltr'><strong>lignum</strong></span> 
     </span>
     <span class='ocr_line' id='line_1_20' title="bbox 317 2211 1315 2306; baseline -0.009 -26"><span class='ocrx_word' id='word_1_147' title='bbox 317 2217 497 2300; x_wconf 83' lang='lat' dir='ltr'><strong>quoddam,</strong></span> <span class='ocrx_word' id='word_1_148' title='bbox 521 2220 727 2306; x_wconf 84' lang='lat' dir='ltr'><strong>quodetiam</strong></span> <span class='ocrx_word' id='word_1_149' title='bbox 748 2219 946 2302; x_wconf 82' lang='lat' dir='ltr'><strong>scytharium</strong></span> <span class='ocrx_word' id='word_1_150' title='bbox 967 2223 1019 2280; x_wconf 85' lang='lat' dir='ltr'><strong>vel</strong></span> <span class='ocrx_word' id='word_1_151' title='bbox 1033 2216 1212 2300; x_wconf 83' lang='lat' dir='ltr'><strong>scythicum</strong></span> <span class='ocrx_word' id='word_1_152' title='bbox 1229 2211 1315 2274; x_wconf 76' lang='lat' dir='ltr'><strong>dici·</strong></span> 
     </span>
     <span class='ocr_line' id='line_1_21' title="bbox 315 2299 1314 2388; baseline -0.007 -26"><span class='ocrx_word' id='word_1_153' title='bbox 315 2317 378 2378; x_wconf 89' lang='lat' dir='ltr'><strong>tur,</strong></span> <span class='ocrx_word' id='word_1_154' title='bbox 401 2309 570 2388; x_wconf 88' lang='lat' dir='ltr'><strong>lanamque</strong></span> <span class='ocrx_word' id='word_1_155' title='bbox 584 2305 716 2382; x_wconf 89' lang='lat' dir='ltr'><strong>melino,</strong></span> <span class='ocrx_word' id='word_1_156' title='bbox 741 2305 878 2388; x_wconf 86' lang='lat' dir='ltr'><strong>capillos</strong></span> <span class='ocrx_word' id='word_1_157' title='bbox 899 2317 1006 2365; x_wconf 88' lang='lat' dir='ltr'><strong>autem</strong></span> <span class='ocrx_word' id='word_1_158' title='bbox 1027 2301 1110 2364; x_wconf 81' lang='lat' dir='ltr'><strong>flavo</strong></span> <span class='ocrx_word' id='word_1_159' title='bbox 1132 2304 1238 2362; x_wconf 88' lang='lat' dir='ltr'><strong>colore</strong></span> <span class='ocrx_word' id='word_1_160' title='bbox 1252 2299 1314 2356; x_wconf 88' lang='lat' dir='ltr'><strong>im·</strong></span> 
     </span>
     <span class='ocr_line' id='line_1_22' title="bbox 315 2381 1313 2476; baseline -0.005 -30"><span class='ocrx_word' id='word_1_161' title='bbox 315 2385 400 2451; x_wconf 91' lang='lat' dir='ltr'><strong>huit.</strong></span> <span class='ocrx_word' id='word_1_162' title='bbox 444 2391 474 2450; x_wconf 86' lang='lat' dir='ltr'>A</span> <span class='ocrx_word' id='word_1_163' title='bbox 487 2390 646 2476; x_wconf 87' lang='lat' dir='ltr'><strong>plerisque</strong></span> <span class='ocrx_word' id='word_1_164' title='bbox 663 2391 865 2474; x_wconf 78' lang='lat' dir='ltr'><strong>glycyrrhiza</strong></span> <span class='ocrx_word' id='word_1_165' title='bbox 880 2387 1034 2462; x_wconf 72' lang='lat' dir='ltr'><strong>babetur,</strong></span> <span class='ocrx_word' id='word_1_166' title='bbox 1059 2409 1117 2448; x_wconf 88' lang='lat' dir='ltr'><strong>nec</strong></span> <span class='ocrx_word' id='word_1_167' title='bbox 1137 2384 1245 2447; x_wconf 87' lang='lat' dir='ltr'><strong>obesse</strong></span> <span class='ocrx_word' id='word_1_168' title='bbox 1260 2381 1313 2443; x_wconf 86' lang='lat' dir='ltr'><strong>vi·</strong></span> 
     </span>
     <span class='ocr_line' id='line_1_23' title="bbox 317 2465 1314 2562; baseline -0.007 -30"><span class='ocrx_word' id='word_1_169' title='bbox 317 2471 428 2550; x_wconf 84' lang='lat' dir='ltr'><strong>detur,</strong></span> <span class='ocrx_word' id='word_1_170' title='bbox 453 2474 602 2556; x_wconf 78' lang='lat' dir='ltr'><strong>thapsum</strong></span> <span class='ocrx_word' id='word_1_171' title='bbox 623 2477 748 2562; x_wconf 80' lang='lat' dir='ltr'><strong>lignum</strong></span> <span class='ocrx_word' id='word_1_172' title='bbox 769 2475 941 2560; x_wconf 84' lang='lat' dir='ltr'><strong>appellari,</strong></span> <span class='ocrx_word' id='word_1_173' title='bbox 968 2469 1204 2558; x_wconf 80' lang='lat' dir='ltr'><strong>glycyrrhiaam</strong></span> <span class='ocrx_word' id='word_1_174' title='bbox 1226 2465 1314 2527; x_wconf 87' lang='lat' dir='ltr'><strong>radi·</strong></span> 
     </span>
     <span class='ocr_line' id='line_1_24' title="bbox 318 2548 1316 2644; baseline -0.008 -26"><span class='ocrx_word' id='word_1_175' title='bbox 318 2579 387 2618; x_wconf 80' lang='lat' dir='ltr'><strong>cem</strong></span> <span class='ocrx_word' id='word_1_176' title='bbox 401 2581 481 2636; x_wconf 88' lang='lat' dir='ltr'><strong>esse,</strong></span> <span class='ocrx_word' id='word_1_177' title='bbox 504 2582 575 2620; x_wconf 88' lang='lat' dir='ltr'><strong>cum</strong></span> <span class='ocrx_word' id='word_1_178' title='bbox 591 2567 735 2644; x_wconf 84' lang='lat' dir='ltr'><strong>exempla</strong></span> <span class='ocrx_word' id='word_1_179' title='bbox 761 2581 828 2624; x_wconf 88' lang='lat' dir='ltr'><strong>non</strong></span> <span class='ocrx_word' id='word_1_180' title='bbox 840 2559 957 2634; x_wconf 81' lang='lat' dir='ltr'><strong>desint,</strong></span> <span class='ocrx_word' id='word_1_181' title='bbox 982 2557 1121 2618; x_wconf 86' lang='lat' dir='ltr'><strong>Graecos</strong></span> <span class='ocrx_word' id='word_1_182' title='bbox 1138 2554 1213 2617; x_wconf 89' lang='lat' dir='ltr'><strong>olim</strong></span> <span class='ocrx_word' id='word_1_183' title='bbox 1228 2548 1316 2612; x_wconf 83' lang='lat' dir='ltr'><strong>radi·</strong></span> 
     </span>
     <span class='ocr_line' id='line_1_25' title="bbox 317 2635 1313 2732; baseline -0.009 -26"><span class='ocrx_word' id='word_1_184' title='bbox 317 2665 384 2706; x_wconf 86' lang='lat' dir='ltr'><strong>cem</strong></span> <span class='ocrx_word' id='word_1_185' title='bbox 401 2645 553 2706; x_wconf 84' lang='lat' dir='ltr'><strong>maiorem</strong></span> <span class='ocrx_word' id='word_1_186' title='bbox 568 2660 600 2706; x_wconf 89' lang='lat' dir='ltr'><strong>et</strong></span> <span class='ocrx_word' id='word_1_187' title='bbox 621 2637 783 2710; x_wconf 83' lang='lat' dir='ltr'><strong>duriorein</strong></span> <span class='ocrx_word' id='word_1_188' title='bbox 801 2646 926 2732; x_wconf 82' lang='lat' dir='ltr'><strong>lignum</strong></span> <span class='ocrx_word' id='word_1_189' title='bbox 949 2642 1170 2726; x_wconf 84' lang='lat' dir='ltr'><strong>appellavisse.</strong></span> <span class='ocrx_word' id='word_1_190' title='bbox 1214 2635 1313 2699; x_wconf 84' lang='lat' dir='ltr'><strong>Conf.</strong></span> 
     </span>
     <span class='ocr_line' id='line_1_26' title="bbox 262 2721 1314 2824; baseline -0.01 -33"><span class='ocrx_word' id='word_1_191' title='bbox 262 2783 266 2801; x_wconf 84' lang='grc'><em>,</em></span> <span class='ocrx_word' id='word_1_192' title='bbox 319 2731 441 2792; x_wconf 66' lang='lat' dir='ltr'><strong>Boea</strong></span> <span class='ocrx_word' id='word_1_193' title='bbox 467 2730 631 2811; x_wconf 84' lang='lat' dir='ltr'><strong>Stapelin</strong></span> <span class='ocrx_word' id='word_1_194' title='bbox 653 2731 819 2814; x_wconf 90' lang='lat' dir='ltr'><strong>Theopbr.</strong></span> <span class='ocrx_word' id='word_1_195' title='bbox 834 2753 865 2812; x_wconf 89' lang='lat' dir='ltr'><strong>p.</strong></span> <span class='ocrx_word' id='word_1_196' title='bbox 885 2730 975 2793; x_wconf 86' lang='lat'><strong>1105.</strong></span> <span class='ocrx_word' id='word_1_197' title='bbox 1019 2729 1063 2788; x_wconf 88' lang='lat' dir='ltr'><strong>At</strong></span> <span class='ocrx_word' id='word_1_198' title='bbox 1077 2721 1314 2824; x_wconf 70' lang='lat' dir='ltr'><strong>glycyrrbiaam</strong></span> 
     </span>
     <span class='ocr_line' id='line_1_27' title="bbox 320 2807 1314 2896; baseline -0.007 -23"><span class='ocrx_word' id='word_1_199' title='bbox 320 2813 361 2874; x_wconf 92' lang='lat' dir='ltr'><strong>ad</strong></span> <span class='ocrx_word' id='word_1_200' title='bbox 374 2836 449 2876; x_wconf 85' lang='lat' dir='ltr'><strong>vsus</strong></span> <span class='ocrx_word' id='word_1_201' title='bbox 469 2816 643 2876; x_wconf 86' lang='lat' dir='ltr'><strong>tinctorios</strong></span> <span class='ocrx_word' id='word_1_202' title='bbox 656 2815 843 2896; x_wconf 68' lang='lat' dir='ltr'><strong>,adhibitam</strong></span> <span class='ocrx_word' id='word_1_203' title='bbox 857 2814 978 2888; x_wconf 85' lang='lat' dir='ltr'><strong>fuisse,</strong></span> <span class='ocrx_word' id='word_1_204' title='bbox 1008 2810 1130 2873; x_wconf 75' lang='lat' dir='ltr'><strong>nullibi</strong></span> <span class='ocrx_word' id='word_1_205' title='bbox 1145 2807 1314 2892; x_wconf 86' lang='lat' dir='ltr'><strong>reperitur.</strong></span> 
     </span>
     <span class='ocr_line' id='line_1_28' title="bbox 320 2895 1314 2980; baseline -0.006 -22"><span class='ocrx_word' id='word_1_206' title='bbox 320 2901 416 2959; x_wconf 85' lang='lat' dir='ltr'><strong>Anne</strong></span> <span class='ocrx_word' id='word_1_207' title='bbox 439 2899 587 2980; x_wconf 87' lang='lat' dir='ltr'><strong>Thapsus</strong></span> <span class='ocrx_word' id='word_1_208' title='bbox 618 2900 718 2960; x_wconf 87' lang='lat' dir='ltr'><strong>fuerit</strong></span> <span class='ocrx_word' id='word_1_209' title='bbox 738 2898 831 2959; x_wconf 85' lang='lat' dir='ltr'><strong>Rbus</strong></span> <span class='ocrx_word' id='word_1_210' title='bbox 855 2897 995 2960; x_wconf 88' lang='lat' dir='ltr'><strong>Cotinus</strong></span> <span class='ocrx_word' id='word_1_211' title='bbox 1016 2901 1116 2958; x_wconf 77' lang='lat' dir='ltr'><strong>Lina.</strong></span> <span class='ocrx_word' id='word_1_212' title='bbox 1138 2895 1191 2976; x_wconf 88' lang='lat' dir='ltr'><strong>Sp.</strong></span> <span class='ocrx_word' id='word_1_213' title='bbox 1215 2895 1259 2975; x_wconf 92' lang='lat' dir='ltr'><strong>pl.</strong></span> <span class='ocrx_word' id='word_1_214' title='bbox 1279 2910 1314 2972; x_wconf 85' lang='lat' dir='ltr'><strong>p·</strong></span> 
     </span>
     <span class='ocr_line' id='line_1_29' title="bbox 320 2978 1316 3070; baseline -0.012 -24"><span class='ocrx_word' id='word_1_215' title='bbox 320 2979 382 3046; x_wconf 82' lang='lat'><strong>583</strong></span> <span class='ocrx_word' id='word_1_216' title='bbox 390 2981 407 3042; x_wconf 68' lang='grc' dir='ltr'>Ῡ</span> <span class='ocrx_word' id='word_1_217' title='bbox 451 3005 532 3067; x_wconf 88' lang='lat' dir='ltr'><strong>quae</strong></span> <span class='ocrx_word' id='word_1_218' title='bbox 558 3003 617 3065; x_wconf 88' lang='lat' dir='ltr'><strong>pro</strong></span> <span class='ocrx_word' id='word_1_219' title='bbox 639 2981 819 3070; x_wconf 79' lang='lat' dir='ltr'><strong>Coccygria</strong></span> <span class='ocrx_word' id='word_1_220' title='bbox 854 2983 1062 3066; x_wconf 85' lang='lat' dir='ltr'><strong>antiquorum</strong></span> <span class='ocrx_word' id='word_1_221' title='bbox 1088 2978 1198 3040; x_wconf 86' lang='lat' dir='ltr'><strong>haberi</strong></span> <span class='ocrx_word' id='word_1_222' title='bbox 1223 2979 1316 3037; x_wconf 88' lang='lat' dir='ltr'><strong>solet.</strong></span> 
     </span>
     <span class='ocr_line' id='line_1_30' title="bbox 243 3062 1317 3149; baseline -0.007 -23"><span class='ocrx_word' id='word_1_223' title='bbox 243 3065 246 3074; x_wconf 75' lang='grc'><em>’</em></span> <span class='ocrx_word' id='word_1_224' title='bbox 320 3067 412 3138; x_wconf 81' lang='lat' dir='ltr'><strong>Haec</strong></span> <span class='ocrx_word' id='word_1_225' title='bbox 427 3067 463 3126; x_wconf 89' lang='lat' dir='ltr'><strong>in</strong></span> <span class='ocrx_word' id='word_1_226' title='bbox 478 3063 610 3149; x_wconf 81' lang='lat' dir='ltr'><strong>Scythia</strong></span> <span class='ocrx_word' id='word_1_227' title='bbox 631 3067 794 3143; x_wconf 89' lang='lat' dir='ltr'><strong>nascitur,</strong></span> <span class='ocrx_word' id='word_1_228' title='bbox 817 3068 980 3128; x_wconf 83' lang='lat' dir='ltr'><strong>materiam</strong></span> <span class='ocrx_word' id='word_1_229' title='bbox 995 3066 1092 3127; x_wconf 88' lang='lat' dir='ltr'><strong>habet</strong></span> <span class='ocrx_word' id='word_1_230' title='bbox 1104 3062 1259 3137; x_wconf 86' lang='lat' dir='ltr'><strong>luridam,</strong></span> <span class='ocrx_word' id='word_1_231' title='bbox 1284 3072 1317 3120; x_wconf 84' lang='lat' dir='ltr'><strong>et</strong></span> 
     </span>
     <span class='ocr_line' id='line_1_31' title="bbox 322 3144 1317 3237; baseline -0.007 -27"><span class='ocrx_word' id='word_1_232' title='bbox 322 3153 430 3213; x_wconf 91' lang='lat' dir='ltr'><strong>colore</strong></span> <span class='ocrx_word' id='word_1_233' title='bbox 443 3166 508 3212; x_wconf 88' lang='lat' dir='ltr'><strong>tarn</strong></span> <span class='ocrx_word' id='word_1_234' title='bbox 523 3152 655 3226; x_wconf 88' lang='lat' dir='ltr'><strong>melino,</strong></span> <span class='ocrx_word' id='word_1_235' title='bbox 678 3175 773 3237; x_wconf 90' lang='lat' dir='ltr'><strong>quam</strong></span> <span class='ocrx_word' id='word_1_236' title='bbox 788 3151 871 3224; x_wconf 82' lang='lat' dir='ltr'><strong>flavo</strong></span> <span class='ocrx_word' id='word_1_237' title='bbox 888 3153 998 3237; x_wconf 83' lang='lat' dir='ltr'><strong>tingit.</strong></span> <span class='ocrx_word' id='word_1_238' title='bbox 1044 3151 1078 3213; x_wconf 89' lang='lat' dir='ltr'><strong>Si</strong></span> <span class='ocrx_word' id='word_1_239' title='bbox 1095 3150 1180 3210; x_wconf 86' lang='lat' dir='ltr'><strong>inter</strong></span> <span class='ocrx_word' id='word_1_240' title='bbox 1193 3144 1317 3207; x_wconf 85' lang='lat' dir='ltr'><strong>radices</strong></span> 
     </span>
     <span class='ocr_line' id='line_1_32' title="bbox 323 3229 1320 3322; baseline -0.006 -30"><span class='ocrx_word' id='word_1_241' title='bbox 323 3234 502 3315; x_wconf 88' lang='lat' dir='ltr'><strong>quaerenda</strong></span> <span class='ocrx_word' id='word_1_242' title='bbox 517 3251 598 3298; x_wconf 83' lang='lat' dir='ltr'><strong>essct</strong></span> <span class='ocrx_word' id='word_1_243' title='bbox 611 3237 755 3320; x_wconf 89' lang='lat' dir='ltr'><strong>thapsus,</strong></span> <span class='ocrx_word' id='word_1_244' title='bbox 779 3238 861 3298; x_wconf 87' lang='lat' dir='ltr'><strong>mibi</strong></span> <span class='ocrx_word' id='word_1_245' title='bbox 875 3239 986 3319; x_wconf 87' lang='lat' dir='ltr'><strong>potius</strong></span> <span class='ocrx_word' id='word_1_246' title='bbox 1003 3259 1098 3322; x_wconf 87' lang='lat' dir='ltr'><strong>quam</strong></span> <span class='ocrx_word' id='word_1_247' title='bbox 1136 3229 1320 3315; x_wconf 84' lang='lat' dir='ltr'><strong>lycyrrhiaa</strong></span> 
     </span>
     <span class='ocr_line' id='line_1_33' title="bbox 322 3257 1319 3414; baseline -0.007 -37"><span class='ocrx_word' id='word_1_248' title='bbox 322 3315 550 3402; x_wconf 87' lang='lat' dir='ltr'><strong>rhaponticum</strong></span> <span class='ocrx_word' id='word_1_249' title='bbox 571 3343 637 3384; x_wconf 86' lang='lat' dir='ltr'><strong>esse</strong></span> <span class='ocrx_word' id='word_1_250' title='bbox 652 3322 834 3398; x_wconf 80' lang='lat' dir='ltr'><strong>videretur,</strong></span> <span class='ocrx_word' id='word_1_251' title='bbox 858 3328 968 3406; x_wconf 86' lang='lat' dir='ltr'><strong>planta</strong></span> <span class='ocrx_word' id='word_1_252' title='bbox 988 3323 1023 3382; x_wconf 90' lang='lat' dir='ltr'><strong>in</strong></span> <span class='ocrx_word' id='word_1_253' title='bbox 1040 3257 1172 3404; x_wconf 67' lang='lat' dir='ltr'><strong>Scythia</strong></span> <span class='ocrx_word' id='word_1_254' title='bbox 1186 3313 1319 3414; x_wconf 70' lang='lat' dir='ltr'><strong>inquili-</strong></span> 
     </span>
     <span class='ocr_line' id='line_1_34' title="bbox 322 3395 1320 3492; baseline -0.004 -31"><span class='ocrx_word' id='word_1_255' title='bbox 322 3423 381 3481; x_wconf 88' lang='lat' dir='ltr'><strong>na,</strong></span> <span class='ocrx_word' id='word_1_256' title='bbox 406 3404 498 3466; x_wconf 90' lang='lat' dir='ltr'><strong>cuius</strong></span> <span class='ocrx_word' id='word_1_257' title='bbox 520 3405 613 3467; x_wconf 79' lang='lat' dir='ltr'><strong>radix</strong></span> <span class='ocrx_word' id='word_1_258' title='bbox 634 3421 746 3470; x_wconf 85' lang='lat' dir='ltr'><strong>nostro</strong></span> <span class='ocrx_word' id='word_1_259' title='bbox 773 3429 903 3492; x_wconf 90' lang='lat' dir='ltr'><strong>quoque</strong></span> <span class='ocrx_word' id='word_1_260' title='bbox 924 3421 1069 3491; x_wconf 85' lang='lat' dir='ltr'><strong>ternpore</strong></span> <span class='ocrx_word' id='word_1_261' title='bbox 1088 3405 1128 3466; x_wconf 83' lang='lat' dir='ltr'><strong>ab</strong></span> <span class='ocrx_word' id='word_1_262' title='bbox 1145 3405 1264 3463; x_wconf 83' lang='lat' dir='ltr'><strong>incolis</strong></span> <span class='ocrx_word' id='word_1_263' title='bbox 1278 3395 1320 3457; x_wconf 87' lang='lat' dir='ltr'><strong>ad</strong></span> 
     </span>
     <span class='ocr_line' id='line_1_35' title="bbox 324 3484 1318 3574; baseline -0.007 -25"><span class='ocrx_word' id='word_1_264' title='bbox 324 3489 483 3550; x_wconf 85' lang='lat' dir='ltr'><strong>tincturas</strong></span> <span class='ocrx_word' id='word_1_265' title='bbox 497 3495 598 3552; x_wconf 85' lang='lat' dir='ltr'><strong>luteas</strong></span> <span class='ocrx_word' id='word_1_266' title='bbox 617 3493 791 3574; x_wconf 86' lang='lat' dir='ltr'><strong>recipitur,</strong></span> <span class='ocrx_word' id='word_1_267' title='bbox 816 3507 897 3554; x_wconf 87' lang='lat' dir='ltr'><strong>teste</strong></span> <span class='ocrx_word' id='word_1_268' title='bbox 914 3496 953 3552; x_wconf 91' lang='lat' dir='ltr'><strong>cl.</strong></span> <span class='ocrx_word' id='word_1_269' title='bbox 969 3495 1088 3554; x_wconf 75' lang='lat' dir='ltr'><strong>Pallor</strong></span> <span class='ocrx_word' id='word_1_270' title='bbox 1101 3489 1180 3551; x_wconf 89' lang='lat' dir='ltr'><strong>Itin.</strong></span> <span class='ocrx_word' id='word_1_271' title='bbox 1197 3501 1275 3547; x_wconf 82' lang='lat' dir='ltr'><strong>tom.</strong></span> <span class='ocrx_word' id='word_1_272' title='bbox 1293 3484 1318 3542; x_wconf 90' lang='lat'><strong>1.</strong></span> 
     </span>
     <span class='ocr_line' id='line_1_36' title="bbox 323 3565 1321 3662; baseline -0.012 -25"><span class='ocrx_word' id='word_1_273' title='bbox 323 3594 355 3656; x_wconf 87' lang='lat' dir='ltr'><strong>p.</strong></span> <span class='ocrx_word' id='word_1_274' title='bbox 373 3569 445 3637; x_wconf 81' lang='lat'><strong>580.</strong></span> <span class='ocrx_word' id='word_1_275' title='bbox 489 3575 555 3636; x_wconf 88' lang='lat' dir='ltr'><strong>Hic</strong></span> <span class='ocrx_word' id='word_1_276' title='bbox 569 3574 666 3656; x_wconf 79' lang='grc' dir='ltr'><em>θάψω</em></span> <span class='ocrx_word' id='word_1_277' title='bbox 688 3576 886 3662; x_wconf 81' lang='lat' dir='ltr'><strong>intelligitur</strong></span> <span class='ocrx_word' id='word_1_278' title='bbox 908 3583 998 3640; x_wconf 87' lang='lat' dir='ltr'><strong>color</strong></span> <span class='ocrx_word' id='word_1_279' title='bbox 1012 3577 1103 3648; x_wconf 83' lang='lat' dir='ltr'><strong>tulis,</strong></span> <span class='ocrx_word' id='word_1_280' title='bbox 1127 3571 1230 3658; x_wconf 88' lang='lat' dir='ltr'><strong>qualis</strong></span> <span class='ocrx_word' id='word_1_281' title='bbox 1242 3565 1321 3628; x_wconf 85' lang='lat' dir='ltr'><strong>huic</strong></span> 
     </span>
     <span class='ocr_line' id='line_1_37' title="bbox 323 3652 1320 3746; baseline -0.009 -27"><span class='ocrx_word' id='word_1_282' title='bbox 323 3657 438 3719; x_wconf 84' lang='lat' dir='ltr'><strong>frutici</strong></span> <span class='ocrx_word' id='word_1_283' title='bbox 453 3673 518 3733; x_wconf 86' lang='lat' dir='ltr'><strong>est,</strong></span> <span class='ocrx_word' id='word_1_284' title='bbox 543 3662 824 3746; x_wconf 82' lang='lat' dir='ltr'><strong>coquetingitu1·;</strong></span> <span class='ocrx_word' id='word_1_285' title='bbox 850 3663 1043 3744; x_wconf 78' lang='lat' dir='ltr'><strong>quittengelh</strong></span> <span class='ocrx_word' id='word_1_286' title='bbox 1065 3655 1217 3722; x_wconf 85' lang='lat' dir='ltr'><strong>Germani</strong></span> <span class='ocrx_word' id='word_1_287' title='bbox 1235 3652 1320 3713; x_wconf 86' lang='lat' dir='ltr'><strong>dico·</strong></span> 
     </span>
     <span class='ocr_line' id='line_1_38' title="bbox 325 3735 1320 3833; baseline -0.01 -30"><span class='ocrx_word' id='word_1_288' title='bbox 325 3757 407 3804; x_wconf 89' lang='lat' dir='ltr'><strong>rent.</strong></span> <span class='ocrx_word' id='word_1_289' title='bbox 432 3745 593 3806; x_wconf 80' lang='lat' dir='ltr'><strong>Schreber.</strong></span> <span class='ocrx_word' id='word_1_290' title='bbox 638 3748 691 3807; x_wconf 92' lang='lat' dir='ltr'><strong>De</strong></span> <span class='ocrx_word' id='word_1_291' title='bbox 708 3743 807 3833; x_wconf 75' lang='grc' dir='ltr'><strong>θάψῳ</strong></span> <span class='ocrx_word' id='word_1_292' title='bbox 827 3747 942 3808; x_wconf 86' lang='lat' dir='ltr'><strong>citavit</strong></span> <span class='ocrx_word' id='word_1_293' title='bbox 958 3743 1169 3808; x_wconf 87' lang='lat' dir='ltr'><strong>Eichstadius</strong></span> <span class='ocrx_word' id='word_1_294' title='bbox 1190 3741 1226 3800; x_wconf 87' lang='lat' dir='ltr'><strong>in</strong></span> <span class='ocrx_word' id='word_1_295' title='bbox 1248 3735 1320 3796; x_wconf 88' lang='lat' dir='ltr'><strong>libr.</strong></span> 
     </span>
     <span class='ocr_line' id='line_1_39' title="bbox 324 3825 1320 3912; baseline -0.011 -20"><span class='ocrx_word' id='word_1_296' title='bbox 324 3831 393 3912; x_wconf 76' lang='lat' dir='ltr'><strong>bp.</strong></span> <span class='ocrx_word' id='word_1_297' title='bbox 410 3827 461 3891; x_wconf 78' lang='grc'><strong>61.</strong></span> <span class='ocrx_word' id='word_1_298' title='bbox 479 3829 548 3891; x_wconf 75' lang='lat' dir='ltr'><strong>los.</strong></span> <span class='ocrx_word' id='word_1_299' title='bbox 565 3832 776 3894; x_wconf 68' lang='lat' dir='ltr'><strong>Armenium</strong></span> <span class='ocrx_word' id='word_1_300' title='bbox 792 3831 831 3892; x_wconf 87' lang='lat' dir='ltr'><strong>de</strong></span> <span class='ocrx_word' id='word_1_301' title='bbox 851 3837 959 3892; x_wconf 87' lang='lat' dir='ltr'><strong>colore</strong></span> <span class='ocrx_word' id='word_1_302' title='bbox 981 3851 1142 3894; x_wconf 87' lang='lat' dir='ltr'><strong>comarum</strong></span> <span class='ocrx_word' id='word_1_303' title='bbox 1157 3851 1182 3888; x_wconf 91' lang='lat' dir='ltr'><strong>c.</strong></span> <span class='ocrx_word' id='word_1_304' title='bbox 1198 3825 1271 3885; x_wconf 83' lang='lat' dir='ltr'><strong>vll.</strong></span> <span class='ocrx_word' id='word_1_305' title='bbox 1288 3841 1320 3902; x_wconf 89' lang='lat' dir='ltr'><strong>p.</strong></span> 
     </span>
     <span class='ocr_line' id='line_1_40' title="bbox 231 3907 1321 3999; baseline -0.013 -21"><span class='ocrx_word' id='word_1_306' title='bbox 231 3943 235 3952; x_wconf 50' lang='lat'>⁸</span> <span class='ocrx_word' id='word_1_307' title='bbox 329 3915 399 3977; x_wconf 86' lang='lat'><strong>115.</strong></span> <span class='ocrx_word' id='word_1_308' title='bbox 421 3949 463 3964; x_wconf 88' lang='lat'>-</span> <span class='ocrx_word' id='word_1_309' title='bbox 491 3915 619 3976; x_wconf 65' lang='lat' dir='ltr'><strong>stratur</strong></span> <span class='ocrx_word' id='word_1_310' title='bbox 634 3917 721 3978; x_wconf 78' lang='grc' dir='ltr'><strong><em>νίοἰα</em></strong></span> <span class='ocrx_word' id='word_1_311' title='bbox 731 3920 843 3999; x_wconf 82' lang='lat' dir='ltr'><strong>pallor</strong></span> <span class='ocrx_word' id='word_1_312' title='bbox 857 3921 1046 3992; x_wconf 81' lang='lat' dir='ltr'><strong>amantium,</strong></span> <span class='ocrx_word' id='word_1_313' title='bbox 1070 3917 1184 3976; x_wconf 85' lang='lat' dir='ltr'><strong>Horat.</strong></span> <span class='ocrx_word' id='word_1_314' title='bbox 1193 3907 1253 3973; x_wconf 90' lang='lat' dir='ltr'><strong>Od.</strong></span> <span class='ocrx_word' id='word_1_315' title='bbox 1263 3907 1321 3968; x_wconf 87' lang='lat'><strong>111.</strong></span> 
     </span>
     <span class='ocr_line' id='line_1_41' title="bbox 329 3987 1320 4083; baseline -0.009 -20"><span class='ocrx_word' id='word_1_316' title='bbox 329 4023 361 4061; x_wconf 77' lang='lat' dir='ltr'><strong>x.</strong></span> <span class='ocrx_word' id='word_1_317' title='bbox 378 3998 425 4062; x_wconf 85' lang='lat'><strong>14.</strong></span> <span class='ocrx_word' id='word_1_318' title='bbox 462 3995 588 4080; x_wconf 82' lang='lat' dir='ltr'><strong>Oraque</strong></span> <span class='ocrx_word' id='word_1_319' title='bbox 602 4002 682 4062; x_wconf 81' lang='lat' dir='ltr'><strong>buxo</strong></span> <span class='ocrx_word' id='word_1_320' title='bbox 698 4005 887 4064; x_wconf 78' lang='lat' dir='ltr'><strong>Pallidiora</strong></span> <span class='ocrx_word' id='word_1_321' title='bbox 898 4024 1011 4083; x_wconf 81' lang='lat' dir='ltr'><strong>gerens</strong></span> <span class='ocrx_word' id='word_1_322' title='bbox 1026 4001 1200 4072; x_wconf 79' lang='lat' dir='ltr'><strong>exhorruit,</strong></span> <span class='ocrx_word' id='word_1_323' title='bbox 1225 3987 1320 4054; x_wconf 81' lang='lat' dir='ltr'><strong>Ovid-</strong></span> 
     </span>
     <span class='ocr_line' id='line_1_42' title="bbox 328 4081 1323 4174; baseline -0.01 -24"><span class='ocrx_word' id='word_1_324' title='bbox 328 4087 412 4150; x_wconf 87' lang='lat' dir='ltr'><strong>Met.</strong></span> <span class='ocrx_word' id='word_1_325' title='bbox 420 4081 477 4147; x_wconf 83' lang='lat' dir='ltr'><strong>IV·</strong></span> <span class='ocrx_word' id='word_1_326' title='bbox 496 4085 567 4150; x_wconf 79' lang='lat'><strong>154.</strong></span> <span class='ocrx_word' id='word_1_327' title='bbox 581 4085 854 4172; x_wconf 87' lang='lat' dir='ltr'><strong>Apollon.llhod.</strong></span> <span class='ocrx_word' id='word_1_328' title='bbox 870 4091 928 4152; x_wconf 90' lang='lat' dir='ltr'><strong>lll.</strong></span> <span class='ocrx_word' id='word_1_329' title='bbox 945 4107 1016 4174; x_wconf 81' lang='lat'><strong>297.</strong></span> <span class='ocrx_word' id='word_1_330' title='bbox 1031 4087 1071 4148; x_wconf 84' lang='lat' dir='ltr'><strong>de</strong></span> <span class='ocrx_word' id='word_1_331' title='bbox 1086 4081 1207 4152; x_wconf 84' lang='lat' dir='ltr'><strong>Medea</strong></span> <span class='ocrx_word' id='word_1_332' title='bbox 1220 4097 1323 4140; x_wconf 81' lang='lat' dir='ltr'><strong>aman·</strong></span> 
     </span>
    </p>
   </div>
   <div class='ocr_carea' id='block_1_5' title="bbox 0 0 1444 5016">
    <p class='ocr_par' dir='ltr' id='par_1_8' title="bbox 0 0 1444 5016">
     <span class='ocr_line' id='line_1_43' title="bbox 0 0 1444 5016; baseline 0 0"><span class='ocrx_word' id='word_1_333' title='bbox 0 0 1444 5016; x_wconf 95' lang='lat' dir='ltr'><strong> </strong></span> 
     </span>
    </p>
   </div>
  </div>
 </body>
</html>
