2950 5024
135 503 141 518 ·
252 497 562 566 annocum
595 499 1045 582 1nsn110uxx1v.
1131 517 1194 588 cas

119 675 250 745 Multae
263 670 471 739 Achaeiades
488 671 599 738 mollia
615 671 672 739 fils
687 674 774 742 circe
788 699 879 764 genu

119 775 279 846 Manibus
295 771 491 848 versabunt,
514 797 648 841 summo
662 800 800 867 vespere
816 796 973 850 canentes

120 879 302 948 Alcmenes
315 897 461 942 nomen:
483 875 520 942 in
534 879 749 946 veneratione
764 885 828 950 eris
842 887 936 974 apud
951 889 1111 956 mulieres
1122 892 1194 963 Ar-

705 986 806 1069 gives.

117 1080 212 1148 Talis
226 1078 282 1145 hic
304 1078 358 1146 vir
371 1078 409 1145 in
429 1077 625 1148 astriferum
639 1087 773 1152 coelum

116 1185 353 1254 Adscensurus
367 1194 418 1247 est
432 1180 521 1248 filius
537 1193 630 1265 tuus,
653 1189 722 1254 lato
743 1203 881 1278 pectore
894 1192 1004 1279 heros,

116 1287 149 1356 A
163 1309 231 1373 quo
247 1296 281 1351 et
298 1283 433 1350 belluae
450 1306 569 1350 omnes
585 1299 618 1352 et
633 1289 687 1354 alii
702 1290 766 1355 viri
781 1295 1041 1381 superabuntur.
1188 1361 1191 1366 .

116 1389 197 1458 Post
220 1385 398 1453 duodecim
419 1387 551 1454 labores
569 1403 725 1482 peractos
746 1393 782 1459 in
802 1395 877 1462 fotis
894 1411 962 1480 est,
987 1413 1025 1466 vt
1043 1403 1079 1468 in
1099 1404 1192 1477 Iovis

64 1545 69 1552 .
702 1495 804 1563 domo
1189 1519 1192 1530 ·

115 1593 268 1664 Habitets
289 1603 325 1658 et
344 1589 504 1680 quicquid
521 1595 667 1662 mortale
688 1595 804 1677 habet,
828 1623 917 1691 pyra
929 1606 1111 1677 Trachinia
1129 1611 1194 1678 abv'
1223 1610 1228 1630 ¹

706 1715 827 1768 sumet.

118 1799 238 1866 Gener
252 1795 494 1864 immortalium
510 1795 699 1881 vocabitur,
722 1804 779 1889 qui
794 1805 878 1872 haec
894 1809 1084 1878 excitarunt

116 1901 272 1968 Monstra
287 1898 457 1989 speluncis
474 1896 598 1976 abdite,
621 1910 660 1964 vt
672 1922 816 1988 puerum
831 1903 1015 1980 laederent.

118 2002 197 2070 Erit
213 2025 294 2068 sane
306 2001 390 2068 illud
407 2011 552 2087 tempus,
575 2023 680 2085 quum
700 2005 877 2076 hinnulum
893 2011 1047 2084 inlustro

115 2105 239 2193 Lupus
255 2105 393 2172 serratis
407 2103 565 2172 dentibus
579 2119 797 2197 conspectum
812 2115 946 2184 loedere
959 2120 1060 2186 nolet.

112 2278 327 2298 m

138 2375 192 2442 8⁰·
224 2371 310 2460 cissis
344 2369 456 2454 Steph.
484 2369 627 2452 Reishee
663 2373 751 2452 οἰκῆν
779 2375 992 2460 Wintertou,
1035 2384 1186 2467 Wartoh,

182 2455 331 2534 Brunch3
355 2461 449 2524 οἰκεῖν
467 2455 540 2520 edd.
556 2457 691 2540 prlecae.
735 2465 833 2523 Harl.

136 2539 190 2611 81.
214 2539 368 2626 Μὸχθως·
398 2539 500 2608 θνατᾶ
515 2564 574 2626 pro
591 2539 741 2646 μόχθους·
770 2545 874 2626 dmm*
890 2549 1092 2617 Winterton.
1109 2557 1188 2618 Val-

180 2625 274 2689 cken.
290 2627 432 2691 Brunch.
456 2663 492 2676 -
517 2653 601 2708 πυρα
623 2634 786 2714 Τραχίνιος
801 2647 850 2693 est
862 2653 960 2714 rogus
976 2641 1187 2704 thessalicus.
1236 2649 1237 2654 ’

121 2725 123 2734 ’
178 2710 263 2772 Nem
278 2726 411 2810 rogum,
434 2733 499 2797 quo
518 2710 729 2794 conflagravit
752 2717 927 2792 Hercules,
952 2723 1070 2785 Graeci
1087 2727 1188 2810 πυρὲέν

177 2810 217 2858 vt
239 2801 413 2878 plurimum
437 2810 566 2859 vocant.
611 2802 650 2860 ln
665 2821 787 2862 summo
809 2818 917 2864 autem
935 2809 1056 2869 vertice
1070 2810 1184 2889 Oetae,

177 2881 301 2942 montis
318 2879 520 2954 Thessaliae,
542 2883 700 2944 Hercules
715 2887 779 2945 fuit
794 2903 969 2964 crematus,
995 2910 1028 2954 et
1050 2898 1188 2958 'itachi-

177 2969 253 3025 m‘us
274 2963 360 3026 idem
384 2965 540 3051 estquod
572 2969 744 3030 Thessalus
753 3014 764 3044 ,
794 2992 810 3032 a
838 2977 1013 3049 bachim,
1051 2981 1187 3044 clvitate

117 3084 122 3092 ·
177 3049 384 3126 Thessaliae,
428 3073 509 3135 qnae
536 3055 696 3117 Heraclea
719 3055 757 3114 ab
780 3057 920 3120 Hercule
955 3066 1186 3146 cognominem

178 3151 245 3196 est:
270 3134 347 3194 inde
357 3135 528 3218 Sophoclis
538 3137 730 3220 Tragoedia,
761 3145 964 3220 theotistae,
991 3170 1107 3209 nomen
1127 3152 1185 3212 du·

177 3218 239 3280 xit.
283 3219 379 3280 Plura
396 3219 473 3282 vide
490 3220 576 3302 opud
590 3221 762 3304 Spanhem.
779 3227 817 3287 ed
829 3229 954 3292 Gallim.
974 3232 1016 3294 H.
1033 3235 1068 3294 in
1085 3235 1186 3298 Dian.

177 3325 226 3365 ve.
252 3305 322 3388 159.
345 3304 567 3367 Hemsterhus.
590 3305 629 3366 atl
655 3309 793 3371 Lucisn.
819 3327 894 3373 tom.
920 3317 946 3378 1.
967 3337 999 3398 p.
1023 3337 1089 3380 usu.
1113 3321 1185 3382 Ser·
1237 3351 1242 3361 ’

180 3389 272 3449 vium
295 3387 336 3449 ad
354 3387 472 3495 Virssil.
495 3391 874 3480 E01.V111.30.Hygin.
897 3400 963 3463 fob.
982 3399 1031 3462 56.
1050 3401 1186 3467 Vibium

179 3473 339 3555 sequestr.
361 3493 392 3556 p.
412 3495 463 3536 nr.
482 3488 516 3535 et
538 3473 578 3535 ad
602 3476 693 3538 illum
715 3479 838 3542 Hessel.
860 3495 954 3569 atque
980 3485 1127 3551 Oberlin.
1152 3510 1184 3573 p.

177 3556 239 3630 548
252 3579 299 3660 sq.
323 3561 418 3620 Πανὶ
463 3557 653 3640 Apollodcr.
671 3563 714 3623 ll.
730 3585 758 3636 7.
774 3585 799 3627 a.
817 3589 846 3636 7.
861 3573 889 3643 0.
912 3567 946 3632 13
961 3591 1032 3656 sqq.
1065 3577 1185 3642 K's'essl.

131 3639 186 3708 83·
209 3643 376 3728 [seudolo]
397 3643 529 3705 vidend
547 3643 642 3726 Idyll.
657 3647 748 3709 XXI.
765 3647 816 3714 47.
859 3657 956 3715 Harl.

131 3727 186 3794 84.
209 3725 261 3791 85.
284 3727 421 3794 annulae
442 3763 486 3777 -
507 3731 804 3808 e’delnosIBrunch.
821 3757 857 3796 ac
872 3739 963 3820 prius
978 3740 1074 3801 etiam
1087 3739 1184 3802 Win-

177 3827 295 3877 testou.
317 3827 350 3876 et
377 3813 533 3876 Valcken.
555 3849 598 3864 -
623 3816 840 3902 καρχαρόδωυ,
874 3822 979 3884 dentes
1005 3843 1133 3904 asperos
1155 3837 1186 3884 et

178 3919 284 3959 serrae
297 3899 420 3959 similes
438 3899 576 3961 hahens.-
598 3901 684 3984 apud
703 3903 881 3966 Homerum
902 3923 950 3968 est
961 3907 1185 3993 καρχαρόδους,

176 4007 274 4060 ossae,
298 3997 331 4045 et
347 3983 516 4066 epitheton
542 4007 655 4047 cauum
672 3987 881 4062 mordacium,
905 3992 1000 4052 Iliad.
1014 4022 1042 4058 κ.
1060 3991 1131 4056 560.
1152 4007 1185 4055 et

177 4089 210 4132 v.
233 4065 300 4155 198.
345 4067 484 4130 Tiresias
500 4085 606 4131 autem
623 4071 830 4149 vaticinetur,
854 4076 1028 4139 Herculem
1042 4093 1184 4139 monstra

179 4151 358 4238 aliquando
379 4151 628 4240 profligaturum
648 4175 726 4218 esee.
771 4157 858 4221 Num
884 4183 960 4224 vero
980 4162 1057 4224 hoec
1078 4183 1118 4223 ex
1136 4183 1189 4222 sa·-

175 4238 239 4302 eris
259 4237 382 4318 literis,
406 4257 436 4302 e.
450 4260 482 4324 g.
505 4239 639 4305 10⁸..xt
655 4240 685 4306 6.
706 4241 809 4326 LXV,
827 4247 878 4311 25.
900 4261 1005 4310 sumta
1025 4247 1112 4331 sint,
1135 4245 1185 4311 vti
1232 4309 1237 4319 ,

713 4325 809 4398 Sus
