2916 5020
298 449 608 518 THEOCRITI
642 449 920 524 IDYLLION
957 454 1016 520 X.·
1117 453 1181 526 '185

1 711 2 746 ¹
111 727 166 797 Ne
179 749 264 795 vero
284 717 435 794 accidui:
456 745 561 814 grave
575 619 749 803 {gg-m
765 746 882 790 canem
895 737 1042 810 gustare.

540 827 758 898 BATTVS.

117 931 250 1002 Verum
261 952 337 1020 ego,
351 929 477 1012 oMilo‚
497 931 831 1100 mopiropeguodum
847 927 1064 998 vndeeimum
1082 931 1181 998 diem.

621 1036 634 1098 1
716 1077 724 1096 .

114 1132 1182 1224 Edoliohanriaaniliocteegovcroncaoetr'quidemaabhabeo.

538 1237 761 1309 BATTVS.

113 1339 233 1426 Itaque
244 1337 427 1406 anteferes
440 1361 533 1411 meaa
548 1363 569 1408 a
585 1353 735 1410 semente
751 1341 867 1418 omnia
878 1341 1036 1412 horrent.

579 1445 727 1514 MILO.

117 1541 221 1634 Quae
235 1566 315 1612 vero
333 1545 450 1634 puella
464 1557 499 1612 te
513 1545 668 1614 cruciati
708 1584 719 1621 ι

184 1816 350 1878 Wartono
376 1815 566 1901 probatam,
601 1811 717 1900 πηλόν,
745 1821 873 1880 vinum.-
909 1817 1051 1881 Koehlcr
1073 1833 1185 1881 contra

184 1905 344 1962 calculum
363 1901 480 1963 adiicit
500 1903 704 1966 coniecturae
718 1902 860 1986 Toupii‚
887 1903 944 1987 qui
958 1902 1127 1967 Emendat.
1148 1905 1185 1965 iu

183 1983 317 2047 suidam
333 1988 368 2050 P.
383 1987 424 2048 ΙΙ.
438 2009 471 2070 p.
488 1987 539 2054 66.
552 1987 599 2076 (p.
616 1989 687 2056 205.
702 1989 811 2072 Lips.)
832 1985 1004 2073 legendum
1016 2003 1110 2071 putat
1126 1994 1185 2068 δη-

184 2067 249 2136 λὸν·
271 2071 319 2131 aio
338 2071 425 2134 enim
444 2075 555 2136 vinum
578 2074 729 2135 aSiculia
750 2071 815 2133 dici
837 2073 1011 2136 existimat.
1028 2073 1184 2136 Valcken.

183 2156 432 2234 &torretinuit
454 2155 546 2220 Idem
557 2158 742 2222 Brunckiua
752 2156 843 2219 dedit
851 2155 960 2242 r’ycivd'
967 2156 988 2222 ἕ
1035 2157 1182 2236 -ὄξους·

185 2253 283 2324 atque
303 2241 486 2326 genitivum
505 2243 593 2323 ὄξους
606 2245 682 2328 (pro
720 2265 763 2305 uo
781 2243 926 2328 Scaliger
946 2257 978 2304 et
1026 2245 1185 2304 oelzlinua
1273 2297 1277 2304 .

183 2317 286 2407 ὄξευς)
303 2327 646 2414 nonaolumquaedam
662 2264 781 2388 hahent
798 2325 1002 2389 editioneae't
1016 2325 1088 2388 cod.
1098 2329 1182 2404 Vno,

183 2407 240 2474 ted
254 2413 457 2493 inequentiua
473 2415 570 2476 etiam
591 2413 754 2498 genitivus
770 2411 923 2474 adverbio
943 2413 1011 2488 ἅλις
1025 2412 1184 2498 iungitur.

185 2497 230 2557 At
243 2495 363 2557 Reieke
378 2496 537 2575 ostendit,
563 2497 739 2560 obtinuisse
755 2495 924 2558 Theocriti
939 2512 1062 2573 aetate,
1086 2498 1185 2560 etiam

184 2581 424 2643 nominativum
446 2595 503 2642 aut
526 2581 746 2644 accusativum
767 2602 839 2642 oum
862 2581 930 2657 ἅλις
952 2585 1120 2664 copulare:
1149 2594 1187 2642 vt

188 2669 343 2749 Apollon.
363 2663 473 2728 Rhod.
488 2667 532 2743 11,
546 2665 619 2730 424.
636 2667 703 2742 ἅλις
718 2667 857 2746 πομπῆες
871 2663 1005 2734 ἔσονται.
1023 2665 1088 2741 lll,
1112 2666 1195 2750 529.

187 2749 375 2813 callimach.
396 2749 440 2812 H.
459 2751 495 2810 iu
514 2751 586 2814 Iov.
607 2755 641 2818 ἰν
656 2754 688 2817 dd
709 2751 875 2834 ρυηᾳινίην
890 2748 1000 2832 idulio
1012 2775 1132 2832 σφισιν,
1153 2753 1186 2824 a’v

187 2833 214 2902 d
227 2835 296 2912 attic
316 2835 422 2918 ὄλβον·
435 2834 492 2897 vbi
504 2857 535 2898 v.
551 2835 694 2900 Ernesti.
718 2836 771 2898 Sic
785 2836 882 2896 etiam
897 2837 1053 2898 Muraena
1067 2855 1098 2899 v.
1112 2835 1186 2919 269.

187 2921 258 2998 ἅλις
273 2918 364 2987 viror
375 2916 509 3003 oilpvptiv
525 2921 619 3005 ὕδωρ·
635 2920 675 2983 ad
685 2941 778 3006 quem
790 2923 898 2981 locum
905 2918 1061 2982 Schrader
1073 2919 1185 3004 p.559.

187 3011 289 3070 multe
302 3006 437 3068 Homeri
455 3010 529 3068 loca
545 3007 689 3092 collegit.
733 3004 842 3067 Etiam
856 3005 1012 3067 Valcken.
1034 3005 1103 3082 ἅλις
1119 3005 1189 3084 ὅξος

188 3091 325 3154 retinuit
334 3105 367 3153 et
376 3089 533 3154 defendit.
556 3092 690 3155 Semuaz
713 3105 750 3152 tu
765 3089 908 3152 abundas
918 3089 1022 3173 copiia
1030 3090 1203 3173 vinoque,-

188 3191 221 3238 et
233 3174 381 3256 lascivia
414 3193 475 3260 ego
494 3195 570 3238 veto
593 3197 715 3260 pauper
735 3175 882 3238 laborare
899 3197 999 3260 cogor
1021 3189 1054 3236 et
1071 3174 1186 3256 amorio

189 3260 376 3323 obliviscor.
398 3262 496 3321 Harl.
518 3259 629 3340 ἆπλῆς
647 3261 729 3323 Call.
743 3276 775 3322 et
791 3259 858 3322 duo
873 3259 945 3325 cdd.
961 3261 1050 3338 δῆλον
1061 3259 1186 3320 ironico

187 3361 236 3408 eat
251 3341 480 3429 capiendum:
511 3346 597 3408 dolio
611 3350 739 3410 vinario
759 3358 796 3405 tu
809 3348 933 3405 scilicet
949 3347 1084 3416 haurio,
1107 3344 1188 3404 milri
1232 3355 1235 3364 ’

187 3453 227 3492 ne
250 3433 335 3490 aceti
357 3430 483 3511 quidem
498 3435 582 3492 rotie
597 3444 654 3492 eat.
684 3428 782 3514 Quod
797 3431 894 3492 Batto
909 3429 1044 3513 pauperi
1059 3443 1186 3515 atquaa

190 3513 316 3600 vigiliis
339 3529 374 3576 et
393 3514 553 3584 amoribus
573 3520 654 3577 mala
672 3514 783 3578 habito
803 3513 926 3576 dictum
945 3535 1013 3576 eaae
1033 3533 1189 3599 perquam

189 3598 348 3684 lepidum,
371 3600 501 3661 monuit
514 3601 558 3661 H.
572 3599 716 3662 Voaaiur.
732 3635 776 3648 --
786 3599 894 3659 Etiam
909 3599 996 3660 hunc
1008 3605 1117 3661 locum
1128 3597 1189 3658 Ca·

189 3683 354 3746 aaubonua
371 3682 521 3745 adhibuit
536 3683 727 3746 illustrando
735 3683 832 3765 Idyll.
848 3683 986 3759 XXVII,
1003 3683 1053 3748 60.
1069 3683 1187 3742 Kieaal.

149 3778 198 3847 14·
220 3775 337 3837 Battus
356 3775 420 3852 ait,
451 3795 485 3838 ae
510 3775 610 3836 amori
632 3775 795 3835 intentum
816 3772 903 3835 haud
924 3793 1034 3836 curare
1058 3772 1189 3834 domum

188 3863 336 3922 curamve
351 3857 559 3945 purgandam.
574 3869 576 3874 ’
603 3857 700 3944 Quod
715 3857 837 3920 Reiake
849 3859 1018 3945 ingeniose
1032 3856 1188 3930 coniecit,

188 3946 294 4014 σποδῶ
315 3964 374 4029 pro
398 3941 523 4028 ceston.
554 3944 618 4008 hoc
640 3943 790 4027 Toupiua
812 3943 967 4024 (Emend.
991 3941 1030 4005 ad
1047 3939 1189 4022 Heaycb.

189 4031 227 4092 T.
241 4029 301 4095 IV.
314 4051 347 4114 p.
357 4029 445 4108 240.)
458 4031 626 4113 probavit,
649 4048 834 4112 comparans
848 4029 998 4090 Plautum
1013 4025 1100 4112 apud
1115 4027 1190 4088 Gcl·
1324 4102 1328 4111 ι

189 4115 271 4178 lium
290 4113 492 4195 xvltt.12.,
520 4130 553 4177 et
566 4113 710 4176 Brunck.
727 4113 767 4175 in
789 4128 914 4176 textum
936 4115 1069 4196 recepit.
1093 4109 1188 4171 Com·

189 4201 344 4286 plectitur
361 4196 446 4262 illud
466 4201 658 4264 vocabulum
673 4219 767 4262 omne
784 4195 1044 4286 genuaoordium
1064 4210 1098 4258 et
1113 4215 1189 4276 pun·
