2938 5018
289 462 599 538 unrocum
629 459 902 529 minnota
939 460 1061 528 xxv.
1146 459 1211 550 669

136 639 189 710 Ne
204 637 295 726 quod
309 633 341 704 ei
355 635 498 703 verbum
514 653 586 702 nnn
602 646 797 726 opportune
814 634 944 702 diceret

137 737 353 834 Properantii
394 736 540 806 Difficile
561 737 652 804 enim
673 747 740 822 est,
768 736 906 806 alterius
927 747 1081 804 mentem
1102 759 1209 810 netto.

135 847 209 916 Hos
224 843 421 910 accedentes
436 863 536 908 canes
550 843 674 932 procul
689 842 801 908 statim
819 836 1140 908 animadverterunt

137 951 291 1036 Vtroque
306 945 427 1026 mode,
451 955 486 1010 et
498 943 602 1014 odore
617 947 785 1036 corporis,
807 943 980 1033 etpedutn
991 943 1149 1036 strepitu.

130 1050 336 1142 ‘Ingentique
349 1049 475 1114 latratu
486 1047 711 1114 incurrerunt
731 1048 867 1116 aliunde
878 1047 964 1125 atius

136 1155 178 1222 In
195 1149 530 1242 amptunyoniaden
544 1151 743 1220 Herculem:
766 1151 825 1218 sed
843 1150 916 1218 seni

137 1255 273 1332 Placido
287 1257 428 1343 gannitu
443 1251 752 1322 adblandiebantur
764 1253 808 1322 ab
827 1253 935 1322 altere
948 1266 1059 1346 parte.

138 1359 236 1448 Quos
249 1358 308 1424 ille
322 1354 490 1446 lapidibus
505 1377 526 1421 a
542 1367 632 1424 terra
648 1368 783 1426 tantum
798 1358 938 1428 sublatis

137 1462 180 1530 In
194 1459 312 1548 fugam
326 1471 418 1528 retro
434 1456 591 1526 vertebat
607 1453 763 1536 territost¹
784 1460 1003 1550 graviterque
1017 1482 1105 1530 voce
1205 1485 1208 1492 ·

99 1635 109 1646 ,
138 1563 336 1634 Minabatur
352 1559 528 1644 omnibus,
550 1573 584 1628 et
596 1562 773 1653 prohibuit
784 1565 923 1648 latratu,

139 1666 268 1736 Animo
284 1687 344 1730 suo
359 1664 526 1753 gaudens,
549 1665 641 1754 quod
655 1666 830 1732 stabulum
850 1665 1062 1736 custodirent

139 1775 217 1862 Ipso
232 1769 386 1852 absente,
410 1777 445 1833 et
456 1767 544 1835 hanc
557 1791 678 1836 vocem
699 1765 821 1835 edidits

224 1875 353 1964 Papae,
376 1875 475 1962 quale
489 1873 538 1942 dii
555 1892 652 1960 regas
667 1869 824 1938 fecerunt

137 1973 212 2046 Hoc
225 1977 372 2060 animal,
389 1989 433 2046 .vt
446 2000 526 2046 cum
547 1973 972 2146 hominibuzpppptreturi
1001 1967 1105 2070 qnam
1113 1965 1214 2074 pru.

141 2253 352 2278 Q

30 2408 34 2422 1
149 2393 152 2399 ,
203 2345 275 2433 quis
298 2347 371 2410 edd.
392 2341 534 2423 κλάζοντε
553 2341 755 2407 coniunctim
772 2341 936 2407 scribitur.
957 2343 1114 2413 Valcken.
1131 2365 1214 2433 quo·

201 2454 265 2519 que
284 2433 433 2515 reposuit
453 2428 612 2510 κλάζοντε,
629 2471 632 2476 ·
648 2425 850 2511 reptacaestir
869 2427 897 2515 γ’
919 2432 1083 2518 ἑτέρωθεν.
1111 2435 1211 2497 Harl.

207 2519 269 2595 „F-
289 2521 490 2602 περίσσαινον
505 2517 667 2599 ἑτέρωθεν.
686 2545 731 2564 ·-
750 2511 904 2592 κλάζοντε.
926 2515 983 2578 Sic
994 2517 1081 2580 infra
1095 2537 1128 2582 v.
1143 2517 1215 2606 157.

203 2597 401 2670 λεύσσοντε.“
430 2601 562 2686 Salices.

161 2705 214 2794 73.
236 2703 329 2773 ὅσσον
354 2703 475 2766 Reiskc
500 2705 662 2789 explicat,
700 2701 896 2766 solummodo
932 2701 1070 2766 tollebat
1099 2725 1212 2772 saxum

201 2790 321 2868 humo,
352 2811 469 2873 nempe
496 2789 629 2853 terroris
660 2785 845 2851 incutiendi
873 2809 992 2852 caussa.
1027 2789 1215 2858 Brun'ckiue

203 2891 310 2938 autem
326 2891 359 2938 et
371 2873 606 2946 Valckenarius
628 2897 670 2937 ex
687 2871 759 2936 odd.
774 2873 849 2937 Vat.
872 2888 906 2936 et
920 2873 1078 2954 Floreat„
1094 2876 1216 2962 quibus

116 3035 122 3046 ⁸
203 2961 362 3023 accedunt
392 2959 459 3022 duo
484 2961 540 3022 alii
571 2958 658 3044 apud
678 2957 855 3036 Gaisford„
885 2955 990 3028 ἆσσον·
1008 2975 1213 3046 receperunt.

201 3047 272 3110 Nos
290 3067 331 3108 ex
348 3045 484 3108 Iuntina
501 3045 698 3107 retinuimus
714 3045 824 3120 ὅσσον,
848 3043 871 3104 i.
889 3065 915 3112 e.
933 3047 1055 3121 solnm,
1076 3051 1131 3110 vel
1148 3050 1215 3110 ali-

202 3143 369 3214 quantum.
391 3129 650 3192 Vid.Hermann.
659 3129 816 3215 adViger.
832 3151 866 3214 p.
873 3128 946 3216 726.
968 3129 1214 3197 Addenrunck„

201 3216 242 3278 etl
262 3215 430 3300 Aristoph.
453 3214 541 3278 Nub.
559 3213 632 3280 434.
657 3230 691 3278 et
710 3215 856 3278 Gronov.
877 3214 922 3277 ad
943 3213 1077 3303 Origen.
1100 3217 1216 3283 Philo·

202 3301 295 3384 soph.
320 3300 355 3361 in
368 3300 536 3362 Thesauro
551 3300 663 3386 Antiq.
683 3302 739 3363 Gr.
753 3301 791 3360 T.
805 3299 848 3362 X.
889 3319 952 3366 .12
981 3326 1006 3366 t.
1022 3301 1073 3370 etl.
1098 3305 1215 3368 Venet.

203 3407 284 3470 quos
297 3386 378 3448 citat
390 3387 563 3470 Iioeppen.
579 3383 620 3447 ad
634 3387 732 3449 Hom.
751 3385 843 3449 iliad.
857 3323 928 3466 ibi,
952 3387 1023 3456 150.
1065 3391 1184 3452 nutet.

159 3505 211 3594 74.
235 3503 631 3569 Cdd.Vat.etF10rent.
655 3505 799 3591 itemque
825 3503 891 3570 duo
914 3505 1002 3592 aputl
1026 3495 1129 3594 Gaias.
1153 3529 1214 3594 pro

204 3585 303 3678 τρηχιῖ
315 3589 472 3674 praebent
486 3583 593 3656 πολλοί.
639 3593 750 3656 Falsus
766 3589 823 3654 hio
839 3605 888 3656 est
900 3593 1056 3658 Dahlius.
1093 3597 1215 3658 Kiessl.

148 3709 211 3796 76.
236 3734 285 3794 77·
308 3711 377 3776 αἰὲν
397 3729 457 3791 pro
472 3705 562 3778 αὖλιν
580 3711 730 3793 reposuit
752 3711 884 3774 Brunolr
907 3733 949 3776 ex
974 3713 1046 3777 onds
1068 3717 1213 3777 Floreat.

206 3813 240 3860 ct
253 3793 361 3860 Vatic.
379 3793 508 3878 [quibus
522 3793 683 3858 accedunt
701 3796 767 3860 duo
780 3796 835 3858 alii
852 3795 938 3880 apud
953 3799 1076 3876 Gaias„
1099 3799 1136 3858 in
1146 3797 1215 3862 alio

206 3897 256 3946 est
268 3909 349 3948 ano.
369 3879 425 3960 K.]
444 3877 604 3962 probante
623 3880 858 3945 Sanctamantlo
879 3883 917 3946 in
938 3887 1029 3948 lectt.
1047 3882 1120 3946 cdd.
1139 3881 1213 3948 vu.

148 4031 151 4044 .
204 4003 249 4018 -
263 3962 385 4052 ἔρυὴο,
417 3961 508 4074 pund
528 3963 687 4028 Reiskiua
708 3979 818 4032 censet
839 3965 962 4072 dictum
980 3989 1049 4032 esea
1065 3989 1124 4050 per
1137 3987 1215 4048 eyn·

204 4050 1215 4223 {ttttt‘s‘tssttt'tatssitttftzffi't‘ni'ss‘t‘isst

203 4223 326 4312 [ἔρυηο
355 4235 405 4284 eet
425 4221 656 4304 imperfectam
682 4221 827 4312 eierare
848 4222 962 4310 ἔρνμαι
985 4243 1047 4308 pro
1070 4219 1214 4308 ipiopas,
