2938 5018
521 1681 1102 1756 ARGVMENTVM

484 1913 493 1930 “
584 1936 816 2008 toruum
859 1937 1024 2002 xxvn.

361 2305 399 2370 In
419 2306 484 2370 hoc
506 2307 648 2393 Idyllio,
680 2310 776 2414 quod¹
789 2331 866 2374 vera
887 2323 937 2372 cat
955 2307 1158 2384 bucolicum,
1189 2306 1347 2389 Daphnis

274 2450 435 2513 bubulcus
449 2456 608 2536 puellam,
640 2475 722 2540 quae
742 2459 937 2539 capellarum
958 2473 1083 2540 gregem
1098 2451 1219 2536 parcit,
1252 2473 1347 2514 oscu-

274 2598 335 2682 lia,
369 2597 492 2676 verbis,
530 2597 626 2660 factis
651 2598 692 2660 acl
714 2597 933 2662 clandestinos
962 2619 1088 2660 amores
1112 2597 1268 2683 pellicere
1283 2603 1347 2658 'co-

275 2757 381 2806 natur.
436 2744 511 2807 Viri
539 2766 647 2834 amoro
675 2760 710 2808 et
734 2741 915 2827 cupiditate
947 2739 1112 2828 flagrantis
1140 2741 1228 2804 varia
1249 2762 1347 2804 cona-

277 2884 383 2962 mina,
428 2892 556 2970 puellae
587 2891 706 2951 frustra
731 2885 903 2950 renitentia
929 2886 1189 2964 cunctationem,
1233 2884 1349 2948 vivide

276 3041 310 3090 et
323 3031 485 3114 eleganter
498 3033 752 3118 repraesentavit
776 3049 906 3110 auctor,
932 3054 1026 3117 quem
1039 3031 1246 3094 Theocritum
1259 3030 1345 3091 fuis·

246 3227 251 3240 .
278 3194 311 3234 se
342 3176 457 3238 merito
489 3177 651 3241 dubitant.
708 3179 790 3240 Sunt
817 3177 873 3262 qui
894 3176 1072 3239 Moschum
1103 3191 1265 3238 auctorem
1288 3197 1346 3238 cx·

279 3317 435 3383 istiment.
480 3321 574 3408 Quae
596 3322 713 3405 opinio
738 3323 833 3385 certia
854 3326 965 3384 saltem
988 3319 1154 3406 firmisque
1180 3342 1348 3406 argumen-

279 3463 322 3525 tis
336 3463 535 3528 destituitur.
580 3470 619 3528 In
634 3465 789 3552 Calliergi
806 3466 959 3529 editione·
969 3461 1098 3526 disertis
1114 3467 1223 3529 verbis
1238 3465 1349 3530 Theo-

280 3605 362 3672 crito
385 3605 555 3672 tribuitur.
610 3612 731 3673 Mauso
751 3609 788 3670 in
816 3613 916 3673 altera
935 3609 1035 3674 Bion.
1059 3623 1093 3674 et
1112 3611 1248 3674 Moschi
1270 3611 1348 3674 edit.

279 3752 397 3839 pati.
418 3777 486 3817 non
518 3754 619 3841 magia
645 3751 807 3831 Moscho,
843 3776 935 3840 quam
960 3755 1142 3818 Theocrito
1168 3755 1348 3836 adiudicat,

281 3921 382 3983 quum
402 3899 504 3972 nimia
525 3896 661 3983 quadam
683 3899 845 3984 elegantia
867 3900 905 3961 ab
927 3901 1027 3962 huius
1044 3901 1173 3984 poetica
1187 3902 1351 3985 gravitate

279 4044 400 4128 pariter
420 4041 567 4122 recedat,
601 4057 702 4129 atque
722 4045 933 4128 simplicitate
959 4045 1149 4129 virtuteque
1173 4043 1351 4109 dramatica

280 4189 319 4252 ab
336 4190 425 4255 illiue
446 4189 559 4256 studio
581 4188 711 4277 cingula
734 4188 859 4257 vividis
882 4191 1046 4259 coloribua
1067 4191 1216 4258 variandi
1237 4207 1273 4256 et
1293 4213 1352 4255 ex·
