2886 5022
254 469 317 558 594
425 465 742 530 ΘΕΟΚΡΙΤΟΤ
772 461 1084 534 ΕΙΛΤΛΛΙΟΝ
1109 463 1145 533 ιε’.
1437 481 1438 532 t

252 645 371 720 Πέντε
394 631 509 720 ssime
539 631 636 732 ἔλαβ’
668 637 789 728 ἐχθές,
827 631 925 764 δίκαν
949 631 1086 737 ῥύπον,
1126 643 1233 740 ἔργον
1256 649 1303 720 ἕνα
1438 672 1439 750 ρ

827 765 929 838 terr·
1261 773 1311 820 νο
1438 761 1439 792 ³

315 985 563 1046 demonstratum
584 977 700 1055 fuerit,
726 977 826 1042 finisse
839 975 1028 1045 huiusmodi
1045 1005 1160 1047 numos
1173 993 1308 1072 v'surpa.

313 1085 381 1144 tos,
416 1067 472 1152 qui
491 1069 601 1126 valore
624 1077 770 1147 septenas
790 1064 955 1128 drachmas
978 1085 1162 1152 aequarent.
1221 1074 1306 1136 Nam

310 1156 428 1218 Pollux
443 1151 519 1227 (IX.
532 1147 598 1232 60.)
612 1147 667 1212 vbi
677 1165 835 1212 memorat
849 1155 1029 1238 δίδραχμον,
1046 1159 1243 1244 ιρίδραχμος,
1256 1184 1307 1224 τε.

310 1240 519 1322 τραδραχμον,
543 1232 786 1320 πεντάδραχμον,
819 1231 1150 1326 πεντηνονιᾶδραχμον,
1181 1243 1307 1305 omittit

311 1321 531 1406 ἐατᾶδραχμον.
569 1319 641 1384 Nec
655 1339 729 1380 sane
745 1317 860 1399 video,
883 1323 1035 1409 quidnam
1052 1326 1121 1388 iure
1136 1325 1307 1410 displiceat

311 1411 346 1470 in
368 1409 508 1470 lectione
529 1405 687 1490 δραχμῶν,
709 1416 765 1465 aut
785 1405 862 1491 quid
882 1422 970 1470 vetet
993 1413 1051 1494 δρα
1069 1412 1131 1492 piis
1154 1411 1305 1489 scribere,

246 1564 260 1573 Ι,
312 1517 411 1579 quum
432 1507 465 1553 et
484 1490 557 1551 aliis
579 1490 661 1551 loeis
680 1488 782 1550 sonna
801 1492 1032 1555 vocabulorum
1051 1437 1164 1557 iorics
1186 1497 1229 1559 sit
1247 1496 1307 1558 ob.

310 1594 443 1641 seurota.
483 1575 631 1636 Ceterum
647 1573 701 1634 hic
714 1595 822 1635 versus
837 1575 948 1640 eodem
962 1599 1017 1642 ore
1032 1581 1235 1662 pronuntiari
1250 1603 1306 1644 co·

281 1697 284 1705 ·
312 1661 465 1751 girondus
481 1673 545 1736 eat,
569 1679 632 1746 quo
649 1661 705 1720 ille
724 1659 838 1722 literae
854 1684 876 1721 α
892 1663 1064 1726 iteratione
1085 1664 1163 1726 huic
1178 1666 1307 1727 similli-

245 1745 249 1754 ’
309 1771 381 1812 mus
405 1744 491 1832 opud
510 1745 698 1806 Terentium
721 1743 806 1804 Eun.
821 1745 865 1808 Π.
881 1743 910 1810 5'·
923 1747 952 1812 6.
972 1751 1075 1810 taedet
1094 1751 1307 1832 quotidiano-

311 1857 382 1896 rum
408 1833 524 1892 starum
545 1829 739 1912 formarum.
762 1863 805 1878 -
838 1832 949 1917 Gorgo
979 1837 1095 1895 vellera
1115 1833 1304 1920 priusquam

244 1923 248 1936 '
309 1918 475 1991 nominat,
497 1937 555 1998 per
570 1928 766 1976 contemtum
782 1913 864 1979 dicit
877 1913 1025 1996 novitiae,
1046 1919 1154 2004 χραιᾶν
1171 1917 1305 1987 sicorii-

308 2031 390 2091 ματα
411 2001 522 2082 πηρᾶν.
552 1997 738 2066 ,Εδὶῑίοαοο
758 2000 879 2082 primae
902 2017 934 2063 et
948 2001 1096 2065 codicum
1112 2008 1304 2067 collatorum

307 2089 455 2176 plerique
469 2083 621 2168 praebent
633 2085 745 2168 χρααῖν
765 2117 806 2133 -
826 2088 945 2170 πηροῖν.
989 2088 1025 2149 In
1040 2109 1097 2150 sex
1110 2087 1182 2150 cdd.
1197 2111 1305 2172 reper-

246 2185 249 2196 ·
308 2189 376 2235 tum
406 2171 510 2252 πηρᾶν
540 2191 611 2230 cum
634 2169 790 2232 Valcken.
812 2170 985 2234 Schaefero
1008 2172 1141 2258 aliisque
1173 2171 1303 2235 admisi-

307 2279 388 2322 mus.
410 2256 531 2318 Vocem
547 2258 666 2339 χραῖαν,
686 2256 808 2341 (χροίας
823 2277 905 2316 vous
921 2255 969 2318 cd.
984 2272 1015 2317 et
1027 2259 1162 2319 Teetzes
1178 2259 1302 2321 Comm.

242 2371 246 2378 ⁴
306 2345 460 2425 Hermog.
477 2338 562 2422 apud
583 2339 687 2400 Koen.
705 2340 740 2402 in
756 2340 888 2424 Gregor.
906 2338 946 2403 (Ie
966 2343 1011 2403 D.
1027 2343 1071 2403 D.
1088 2343 1119 2426 §.
1136 2343 1303 2426 CXLIII.)

305 2428 346 2493 ad
369 2447 479 2574 χαοω,
509 2439 554 2524 pt·
567 2423 608 2484 ad
628 2425 747 2523 ηηρᾶν,
781 2445 822 2486 ex
844 2426 994 2524 sequenti
1016 2425 1181 2526 vocabulo·
1196 2428 1302 2530 πάχος,

305 2509 1301 2684 §Stetsstff'gtfflssiIIII&I‘ZRIZIIJISIIJIEISIIZ

303 2678 490 2770 χηρανότονν.
526 2679 638 2759 Πηρᾶν
648 2693 695 2742 est
709 2701 726 2740 a
739 2671 852 2761 πηρός,
874 2679 897 2739 i.
910 2699 939 2740 e.
955 2679 1092 2744 nensis
1108 2681 1297 2765 interprete,

306 2769 361 2854 qui
385 2764 570 2827 debilitatus
593 2778 627 2824 et
642 2777 755 2847 captus
775 2777 823 2825 est
839 2783 1032 2909 quocunpue
1049 2787 1106 2827 seu
1125 2786 1219 2827 sensu
1242 2791 1298 2832 seu

244 2862 247 2870 '
304 2849 458 2925 membro,
481 2848 643 2924 vtoculis,
667 2863 723 2910 aut
743 2846 902 2923 manibus,
924 2868 966 2931 pe
989 2847 1110 2911 ibusve.
1152 2849 1301 2922 ’Audeat-

303 2963 363 3024 μα,
388 2932 511 2995 corium
534 2933 689 2994 animanti
711 2931 750 2994 de
771 2951 905 3015 corporo
927 2930 1104 2995 detractum
1128 2957 1185 2997 seu
1203 2959 1298 3001 exco-

303 3023 431 3083 riatum.
474 3017 706 3102 significentur
727 3017 738 3076 i
764 3017 829 3078 itur
844 3016 876 3078 h.
891 3023 914 3078 l.
925 3019 1039 3078 vellera
1058 3021 1168 3081 ovibus
1182 3026 1298 3085 rutulis

304 3105 488 3184 natalitioque
510 3107 544 3163 νί
564 3103 697 3174 avulso,
720 3039 859 3188 iieoqne
874 3107 1027 3179 lacerata3
1050 3109 1231 3166 vetularum
1244 3127 1298 3192 pe·

98 3235 118 3256 „
241 3199 246 3219 ¹
304 3189 422 3252 sudum
435 3186 651 3248 morbossrum
667 3187 852 3248 reIlumina·
883 3185 1028 3266 Κονδδας
1043 3188 1236 3252 scholiastes
1249 3192 1298 3252 in·

238 3293 244 3300 ·
304 3285 516 3356 terpretatur,
545 3273 609 3338 οἷον
631 3269 751 3350 κύνεια,
782 3273 906 3358 τραχέα.
948 3273 1085 3356 Propter
1105 3273 1297 3338 scholiastae

303 3379 376 3424 voc.
392 3357 502 3440 τραχέα
518 3356 678 3438 Τουρίαν,
703 3357 824 3440 cuipili
840 3355 947 3416 canini
961 3356 1105 3419 nondum
1120 3359 1196 3418 satis
1209 3382 1296 3444 aspe-

240 3471 244 3480 ·
302 3445 332 3506 ri
352 3457 445 3516 sunt,
470 3440 625 3524 intelligit
645 3441 731 3522 pilos
752 3441 1049 3514 cardamomum,
1073 3455 1186 3524 vtpote
1206 3467 1296 3530 spur·

304 3527 407 3589 ciores
426 3540 458 3586 et
479 3545 512 3586 os
536 3525 666 3587 eriores.
712 3525 925 3587 Valckenario
947 3541 1043 3609 poeta
1068 3526 1128 3588 hoc
1154 3549 1233 3591 voce
1254 3528 1299 3590 si·

303 3611 456 3698 gnifica're
471 3547 600 3673 αἰδοῖον
612 3609 758 3692 potuisse
772 3610 869 3670 etiam
886 3613 1100 3692 quisqus'ls'as,
1123 3619 1232 3698 quales
1248 3635 1299 3676 ca·

240 3718 243 3726 ·
302 3697 399 3757 nibus
437 3694 647 3770 roiieiobant;
671 3695 740 3756 sive
762 3699 881 3756 vellera
904 3711 1028 3756 tanturn
1046 3695 1154 3781 digna,
1180 3699 1299 3782 quibus

303 3803 379 3843 mox
394 3717 706 3840 aiiiciendismanus
716 3778 942 3863 abstergerent,
954 3801 1097 3864 quaeque
1112 3781 1191 3845 adeo
1205 3805 1297 3844 vsum

234 3881 238 3890 “
301 3863 517 3932 seiunctione
538 3877 743 3947 praestarent.
788 3861 885 3926 Conf.
899 3870 989 3926 locos
1006 3885 1022 3924 a
1038 3865 1150 3925 varen
1168 3868 1298 3945 citatos,

214 3989 218 3996 -
303 3955 436 4012 alterum
456 3950 570 4010 Athen.
582 3947 642 4010 IX.
662 3971 693 4032 p.
708 3948 781 4034 409.
794 3947 831 4010 B.
857 3955 990 4011 alterum
1014 3951 1160 4012 Pollucis
1173 3951 1231 4014 VI.
1247 3969 1298 4036 92.

235 4053 244 4064 ·
302 4055 386 4118 quae
401 4033 578 4115 explicatio
594 4033 690 4093 nimis
703 4038 801 4117 longe
818 4033 963 4116 quaesita
978 4048 1036 4095 est.
1073 4035 1131 4094 'Ex
1144 4037 1300 4122 Gregorii

235 4135 242 4146 ·
303 4121 377 4179 Cor.
403 4123 432 4194 ρ.
448 4117 630 4178 CXXXIII.
649 4121 703 4183 aci
723 4113 854 4190 νυνδδας
870 4115 925 4193 stit·
944 4116 1071 4198 κουράς,
1093 4141 1205 4218 parum
1223 4141 1299 4202 pro-

234 4213 240 4240 ¹
303 4202 401 4264 Iicins.
442 4202 511 4264 Nos
534 4199 588 4264 hic
610 4199 738 4288 quidem
762 4202 838 4286 pitis·
854 4204 979 4264 caninis
997 4203 1189 4288 simpliciter
1204 4203 1300 4266 dictis
