2942 5014
298 412 361 501 758
470 417 780 486 eno‘rrrror
809 411 1122 506 ΕιΛνΛΛιοΝ
1157 404 1191 476 ι’.

468 590 548 668 Καὶ
572 587 674 662 ταῦτ’
702 587 797 682 ἐμεῦ·
815 580 864 659 rei
885 585 993 683 χείλη.

472 693 520 770 Τι’
544 687 613 786 γάρ
642 697 759 786 φιλιῖν
784 684 968 780 dedimam·

473 789 547 870 Τόν
575 792 604 866 d
631 791 753 892 ἠλέησε
787 786 945 886 Κύπρις,

446 895 587 974 Ἐἶπέν
613 923 654 969 τε
685 902 761 976 τοῖς
788 893 929 986 Ἔρωσι
993 945 996 954 -

474 1004 510 1074 Τ
506 993 531 1070 ai
557 991 673 1090 δεσμοί
698 1005 734 1070 οἱ
756 995 924 1068 ’πιλῦσιίι.

469 1097 534 1178 Ἐκ
561 1097 643 1174 τῶδ’
670 1093 923 1198 ἐπηκολούθει,

467 1197 550 1296 Κᾴς
575 1201 665 1276 ὕλαν
691 1199 756 1274 οὐκ
783 1204 917 1294 ἔβαινε·

467 1306 561 1394 Καί,
588 1305 641 1400 τῷ
666 1303 752 1399 πυρὶ
777 1297 1005 1401 προσελθών,
1080 1301 1087 1325 ’

462 1405 594 1484 ”Eneca
620 1401 689 1490 reis
708 1405 885 1506 Ἔρωτας.

306 1575 514 1592 m

366 1663 521 1726 Valcken.
537 1661 743 1729 etBrunekio
758 1661 846 1724 bunc
861 1682 998 1738 veroum,
1022 1660 1080 1744 qni
1095 1659 1130 1721 in
1148 1658 1299 1723 omnibus
1315 1683 1373 1726 ve·

366 1749 560 1812 tortioribus
574 1749 646 1813 edd.
662 1745 873 1823 derideretur,
887 1745 1027 1809 inserui:
1051 1749 1083 1810 ri
1096 1743 1155 1832 peip
1168 1749 1269 1829 φιλεῖν
1284 1745 1372 1813 ἑτόλ-

216 1873 222 1890 .
390 1859 453 1911 ωνς
494 1836 594 1896 Harl.
1268 1891 1273 1900 ,
1345 1903 1348 1914 .

323 1861 500 2001 doirinrv,
533 1923 641 1982 inerit.
684 1917 809 1984 Duker.
832 1915 873 1998 ad
900 1915 1049 2000 Thucyd.
1071 1916 1129 1981 lib.
1154 1913 1373 2001 v11.p.462.

365 2006 481 2064 Kieerl.

321 2087 364 2151 44
387 2124 419 2134 --
449 2089 501 2154 46.
523 2093 589 2159 Καλ
605 2083 701 2156 riter
723 2085 793 2150 cod.
810 2087 882 2150 Vat.
899 2087 985 2151 vnde
1006 2085 1147 2150 correxit
1161 2085 1318 2148 Valcken.
1333 2087 1370 2148 in

365 2187 501 2258 vtraque
516 2175 594 2237 edit.
611 2173 681 2260 Κᾴς
692 2172 778 2240 ὕλαν.
811 2173 952 2234 brunon.
968 2187 1076 2236 tamen
1094 2169 1233 2248 dubitat,
1258 2193 1301 2232 an
1316 2177 1371 2240 arai

366 2261 398 2335 ἐς
418 2280 486 2321 non
508 2259 589 2322 bene
610 2258 645 2322 in
669 2259 726 2344 atqie
747 2257 972 2333 contrahatur,
1008 2263 1120 2320 saltem
1133 2255 1290 2338 *doricum
1313 2257 1372 2336 κῆς

366 2358 529 2426 praestare
552 2357 657 2428 putat.
703 2345 743 2405 In
765 2356 857 2404 textu
880 2363 958 2404 vero
979 2341 1070 2403 dedit
1091 2345 1145 2406 καλ
1165 2335 1198 2426 ῥ’
1216 2341 1304 2406 ὕλαν·
1336 2359 1372 2405 et

345 2491 347 2498 ,
367 2448 463 2489 versu
489 2430 649 2513 aequenti,
673 2427 729 2491 vbi
747 2425 817 2488 edd.
855 2449 880 2489 r.
900 2425 1058 2488 exhibent
1071 2431 1124 2492 καλ
1137 2451 1171 2492 τι
1186 2430 1273 2509 πυρί,
1299 2450 1369 2490 cor·

366 2515 454 2574 rexit
469 2521 521 2580 καὶ
542 2512 581 2592 λη’
593 2515 682 2598 erupi·
707 2533 802 2575 versu
820 2448 960 2596 denique
982 2511 1096 2574 vltimo
1112 2510 1249 2572 retinuit
1266 2527 1299 2574 et
1316 2511 1369 2576 de·
1461 2496 1462 2564 i

364 2595 471 2658 fendit
492 2599 667 2662 lectionem
691 2595 842 2658 Aldinam
867 2610 899 2656 et
918 2595 989 2658 cod.
1011 2597 1180 2674 Vaticani,
1206 2595 1368 2680 Ἔρωτας.
1461 2620 1462 2656 ι

366 2682 488 2743 Contra
503 2683 736 2746 Valckenarius
758 2681 792 2742 in
809 2679 918 2762 priore
940 2677 1087 2742 editione
1110 2703 1183 2742 cum
1197 2683 1367 2745 Dorvillio

366 2765 407 2826 ad
425 2765 595 2832 Chariton.
611 2791 641 2852 p.
656 2766 728 2831 462.
744 2763 809 2843 (ed.
825 2763 936 2846 Lipr.)
952 2765 1083 2846 scripsit
1104 2767 1248 2852 ἐρῶντας,
1273 2789 1368 2850 quarn
1427 2803 1430 2812 ·

363 2852 539 2914 lectionem
560 2854 593 2912 in
615 2852 692 2914 edit.
712 2870 740 2914 2.
758 2847 873 2932 probat
894 2871 965 2910 cum
981 2849 1128 2912 Martino
1154 2866 1188 2912 et
1201 2853 1367 2934 Luzaci03

364 2951 397 2996 at
411 2936 444 2994 in
461 2951 553 2996 textu
567 2937 705 2997 retinnit
717 2935 869 3016 Ἔρωτας.
893 2935 992 2994 Harl.
1020 2933 1111 2996 Vero.
1120 2933 1171 3004 44.
1186 2937 1362 2998 Hermann.

366 3021 401 3080 in
425 3021 528 3082 Elem.
547 3023 647 3082 Metr.
663 3041 694 3102 p.
710 3019 785 3102 4715.
809 3017 973 3080 emendat:
994 3017 1093 3117 χῦλαν
1114 3017 1153 3088 ἔτ’
1168 3019 1233 3087 oriar.
1276 3021 1366 3083 Vero.

361 3105 404 3169 45
419 3126 464 3190 aq.
480 3119 567 3166 recte
579 3103 821 3166 Bindemannue
836 3104 881 3164 ita
897 3101 1065 3188 intellrgit‚
1091 3119 1127 3167 vt
1141 3103 1270 3167 dicatur
1289 3127 1366 3192 aper

366 3187 406 3249 ad
422 3211 547 3274 rogum,
571 3191 606 3249 in
622 3205 685 3275 quo
700 3185 862 3252 Adonidis
882 3185 1016 3249 cadaver
1031 3189 1291 3266 comburebatur,
1315 3211 1365 3252 ac·

364 3275 513 3346 certiore,
537 3295 634 3372 reque
651 3273 873 3355 desperatione
887 3269 1018 3334 adactua
1034 3272 1068 3332 in
1084 3274 1191 3358 ignem
1207 3274 1364 3336 coniecir·

363 3378 406 3419 ee.
451 3359 513 3420 Pro
529 3381 562 3420 re
583 3381 674 3442 ipso,
699 3378 805 3418 amore
822 3354 993 3440 flagrante,
1018 3355 1101 3418 dicit
1122 3356 1195 3434 rode
1212 3359 1365 3440 Ἔρωτας,

363 3441 618 3526 significantior:
644 3445 816 3526 eleganter,
831 3462 897 3501 non
913 3439 1060 3502 dixerim.
1086 3442 1236 3504 Ceterum
1253 3445 1365 3505 Reiak.

362 3541 395 3588 ot
415 3527 557 3588 Brunck.
575 3526 613 3589 de
633 3527 785 3588 hocloco
808 3527 910 3586 citant
931 3525 1033 3606 Bayle
1053 3527 1206 3587 Dietion.
1227 3550 1260 3590 v.
1276 3531 1365 3590 Ado·

364 3616 433 3685 nia,
456 3627 533 3674 nota
551 3611 587 3674 C.
632 3610 775 3693 Scaliger
792 3633 861 3670 curn
886 3609 959 3669 aliia
975 3609 1166 3695 quibusdam
1181 3612 1364 3694 auspicatur

363 3719 409 3759 ve.
427 3694 478 3760 46.
499 3697 620 3766 ἔκλαιε,
654 3709 690 3754 vt
713 3694 755 3753 sit
776 3715 904 3755 sensus:
944 3716 1074 3754 ιιιονιιιιι
1093 3697 1250 3756 Anterum
1271 3703 1364 3758 mise-

362 3787 448 3843 riam
476 3781 672 3864 deplorabat.
716 3782 754 3840 In
776 3793 885 3838 vetere
913 3776 1052 3862 quodam
1081 3779 1196 3843 codice
1216 3779 1363 3868 duopo·

363 3865 472 3928 stremi
487 3877 597 3926 verrur'
614 3863 739 3926 desunt.
785 3863 902 3928 Kierel.

736 4077 945 4094 Ἢ
