2916 5020
223 425 228 435 ’
278 456 342 528 aas
438 457 770 530 'ossoatPlror
794 459 1112 528 αιΛοΛΑιοα
1136 457 1161 524 ι.

689 631 743 706 M
745 634 772 706 I
775 633 816 706 A
822 631 921 707 JlN.
1019 663 1053 732 ·,

278 736 392 840 Μηδί
402 765 443 834 γε
462 730 634 834 συμβαίη·
650 728 807 824 γαλοπόν
823 733 932 833 χορίω
948 729 1040 811 ulra
1054 733 1191 830 γοίίοαι.

674 837 762 912 BA
773 841 938 914 ΤΤΟΣ.

278 941 379 1022 Ἀλλ’
394 936 462 1037 ίγοί
469 998 483 1034 ,
511 936 540 1015 oi
556 937 687 1016 Μίλων
693 996 708 1032 ,
736 941 872 1038 ἔραμαι
892 935 1021 1034 σχεδία
1036 946 1278 1025 ἑαδειιοιταίοςί

695 1045 747 1117 Μ
750 1047 777 1117 Ι
782 1046 822 1117 Λ
829 1045 930 1120 RN.

279 1147 345 1228 Ἐιι
361 1147 460 1223 πίθοι
482 1143 621 1228 assarta
637 1145 756 1246 δῆλον·
773 1142 842 1240 ἐγοί
857 1145 887 1221 «l
903 1149 971 1240 ἔχοι
990 1143 1065 1224 οὐδ’
1080 1145 1158 1230 ἅλις
1172 1144 1261 1232 ὄξος.

679 1249 767 1324 BA
777 1253 945 1326 ΤΤΟΣ.
1456 1327 1457 1342 ,

284 1348 488 1452 Τοιγάρτοι
507 1345 581 1452 προ
597 1352 720 1452 θυροῖν
736 1347 900 1531 μεοΛοίπό
915 1347 1037 1456 σαίρω
1051 1353 1190 1431 ἅαιαλα
1206 1347 1343 1428 nina.
1456 1421 1457 1424 ,

287 1560 350 1644 Τίς
366 1564 410 1636 tl
424 1587 471 1634 το
485 1558 555 1636 τοῖν
575 1557 713 1634 παίδων
730 1557 970 1655 λαμαίιοταις

349 1825 422 1892 542.
449 1825 596 1908 reliquae
624 1823 786 1887 editiones
814 1847 886 1888 cum
913 1823 1119 1890 circumflexo
1149 1825 1225 1892 eria'
1246 1823 1373 1886 Ηανί.’
1456 1887 1457 1890 ,

346 1913 456 1973 Etiam
482 1909 540 1974 ed.
563 1909 680 1974 Schell.
707 1909 771 1975 οὖν.
803 1910 942 1973 Perinde
962 1927 1022 1988 est,
1045 1913 1113 1973 sive
1133 1913 1190 1980 νῦν
1205 1911 1275 1973 sive
1291 1933 1351 1976 m

349 1996 472 2058 scribas.
487 2017 518 2057 r.
536 1997 712 2059 Hermann.
727 1993 768 2055 ad
784 1995 949 2080 Aristoph.
965 1995 1052 2058 Nub.
1073 1997 1142 2061 142.
1185 1995 1303 2057 Kieasl.

308 2103 358 2153 11·
381 2082 463 2164 μηδί
472 2103 506 2168 γε
516 2148 518 2152 ,
528 2081 664 2166 συμβαίη
677 2113 721 2131 -
732 2085 826 2168 χορίω
841 2081 982 2150 Brunclt.
998 2102 1040 2150 eat
1063 2081 1156 2145 codd.
1173 2079 1351 2142 Wartoni-

297 2179 299 2184 ’
350 2167 437 2242 anis,
457 2181 494 2230 et
504 2162 657 2249 probavit
669 2163 731 2226 iam
750 2179 843 2227 antea
860 2165 1240 2252 Warton.[1demetiam
1255 2163 1350 2226 Gais-

349 2249 433 2313 ford.
455 2271 496 2312 ex
518 2249 629 2311 multis
651 2264 683 2311 et
705 2251 835 2332 optimis
859 2249 930 2314 cdd.
952 2251 1083 2335 recepit.
1105 2251 1231 2312 Harles.
1252 2247 1349 2310 dede·

345 2350 397 2398 rat
425 2339 503 2420 μηδὲ
525 2338 669 2418 ξυμβαίη.
700 2335 854 2397 Valckan.
882 2350 984 2398 metro
1011 2338 1194 2421 refragante
1216 2335 1299 2420 μηδέ
1315 2357 1352 2420 γε

348 2427 438 2504 ξυμβ.
463 2417 607 2482 Graefius
623 2419 715 2480 malit
736 2417 782 2501 μή
796 2418 822 2484 β’
836 2419 884 2486 ἔτι
895 2429 1002 2504 συμβ,
1030 2418 1138 2503 velari
1153 2423 1190 2486 δι’
1201 2445 1234 2506 γε
1252 2427 1352 2504 ουμβ.

348 2507 403 2567 De
420 2501 465 2590 μή
479 2508 517 2572 δι’
532 2505 619 2567 conf.
635 2503 811 2566 Hermann.
837 2504 919 2571 obss.
940 2504 981 2566 ad
999 2507 1114 2568 Bucol.
1135 2528 1169 2590 p.
1184 2505 1278 2567 XIII.
1302 2525 1351 2588 sq.

348 2591 479 2666 Kissioi]
502 2589 557 2652 De
574 2586 632 2656 orii
651 2585 750 2670 stiria
767 2589 844 2653 vide
860 2591 1041 2652 Hemsterh.
1057 2589 1097 2651 acl
1113 2593 1249 2652 Lucian.
1269 2603 1352 2658 tom.

349 2675 440 2821 iniit
462 2759 559 2820 etiam
580 2757 693 2823 Valck.
714 2753 747 2819 cl
772 2757 968 2842 praetulerat
994 2759 1058 2820 iam
1080 2759 1217 2822 Casaub.
1241 2761 1351 2820 Lectt.

272 2855 276 2864 ’
349 2842 487 2905 Theocr.
505 2865 573 2925 cap.
589 2843 650 2905 XI.
667 2843 797 2928 [χορίων
811 2849 920 2928 vulgo.
943 2841 1049 2930 χόριον
1062 2879 1106 2894 --
1117 2841 1351 2930 γεύειαὸοἱάοο

272 2931 276 2938 ’
350 2927 422 2989 edd.
438 2925 529 2990 Med.
546 2925 619 2988 All.
637 2927 673 2986 in
687 2949 719 3018 y·
732 2927 874 3013 χαλεπόν.
895 2929 951 3012 De
968 2948 1040 2992 voc.
1055 2935 1146 3015 γορία
1158 2927 1227 2990 vid.
1238 2927 1351 2990 Schol.

270 3021 274 3030 ’
349 3010 392 3073 ad
405 3013 458 3076 IX.
476 3031 524 3096 19.
545 3009 610 3156 K}
630 3011 798 3073 Sententia
811 3013 978 3095 proverbii
994 3029 1058 3077 eat:
1083 3011 1215 3076 difficile
1228 3027 1286 3090 est,
1310 3012 1352 3073 ab

350 3117 458 3159 amore
480 3109 513 3156 et
526 3095 586 3157 libi
611 3095 665 3157 ine
680 3097 808 3158 avocari
828 3110 925 3184 atque
939 3096 1071 3176 divelli,
1103 3113 1161 3160 aut
1176 3120 1193 3159 a
1208 3097 1354 3183 peccatis
1456 3169 1457 3176 ρ

350 3195 385 3244 et
411 3179 590 3258 illecebris,
628 3179 671 3242 iis
687 3179 715 3241 ai
736 3182 807 3265 qaia
831 3181 975 3244 irretitus
995 3180 1097 3246 fuerit
1117 3203 1234 3267 easque
1256 3181 1354 3266 quasi
1456 3209 1457 3212 ¹

416 2720 424 2737 .
440 2673 491 2762 94.
507 2679 535 2752 0.
546 2695 573 2760 9.
589 2688 622 2734 ct
636 2674 842 2752 Warton.·ad
857 2674 1112 2758 layaxxvlll.
1126 2675 1176 2739 25.
1192 2695 1236 2721 -·-
1252 2677 1350 2762 χορίου

351 3264 545 3351 degustarit,
569 3279 755 3350 temperare.
776 3285 807 3329 v.
822 3268 947 3328 Erasini
961 3265 1063 3354 Adag.
1077 3267 1165 3329 Chii,
1187 3289 1249 3329 sec.
1267 3267 1356 3328 Cen·
1456 3275 1457 3332 ζ

270 3349 277 3360 ”
350 3365 414 3412 tur.
438 3349 494 3415 IV.
510 3349 615 3414 XXII.
637 3373 785 3434 compara
799 3353 915 3414 Horat.
932 3353 1075 3414 Sermon.
1096 3353 1138 3418 II.
1162 3349 1193 3412 5.
1214 3349 1265 3415 81.
1283 3373 1355 3438 sqq.

353 3433 505 3496 Warton.
539 3435 574 3496 in
606 3432 774 3498 addendis
800 3435 913 3498 laudat
938 3437 1045 3498 Wolf.
1073 3438 1109 3498 in
1141 3433 1291 3498 Addentl.
1320 3451 1359 3498 et

221 3533 227 3548 ¹
250 3521 275 3538 ''
353 3518 491 3583 Emend.
510 3519 551 3580 ad
571 3519 708 3581 Libanii
727 3521 834 3602 Epist.
851 3517 925 3600 470.
946 3543 978 3604 p.
995 3517 1066 3584 862.
1089 3522 1188 3582 Harl·
1210 3519 1357 3582 Lucifln·

351 3605 387 3665 in
401 3603 512 3666 libello
528 3603 604 3692 προς
615 3601 731 3708 tonali.
744 3605 774 3714 §-
792 3605 840 3670 25.
851 3602 912 3668 Ed.
923 3603 1083 3669 Schmied.
1099 3604 1138 3666 T.
1158 3607 1199 3667 ΙΙ.
1214 3603 1285 3671 ὀὐδὲ
1293 3603 1357 3690 γοῖρ

351 3685 434 3756 κίων
455 3691 539 3766 ἅπαξ
560 3714 713 3755 παυσαιτο
734 3716 774 3755 αι
794 3693 1007 3778 σκυτοτραγεῖν
1035 3689 1196 3775 μαθοῦσα.
1223 3689 1357 3754 Iacobs.
1456 3743 1457 3776 ρ

266 3773 271 3780 ’
348 3775 418 3839 ioci
434 3773 625 3834 sententiam
640 3774 687 3834 sic
701 3775 856 3858 exponit:
880 3781 959 3836 tales
974 3772 1110 3837 deliciae
1124 3796 1141 3835 a
1157 3789 1267 3835 nostra
1281 3775 1359 3837 vita
1456 3839 1457 3858 ἢ

268 3871 271 3878 ’
351 3857 585 3933 alienissimae;
611 3873 642 3920 et
658 3873 694 3922 vt
710 3864 809 3922 stulte
825 3874 937 3944 agunt,
956 3859 1012 3945 qui
1029 3857 1245 3922 catuliscIBos
1260 3881 1359 3943 prae·
1456 3869 1457 3880 ¹

267 3951 271 3960 '
351 3942 432 4004 irent
453 3939 674 4020 delicatiores,
696 3943 813 4028 quibus
833 3944 969 4029 gustatis
991 3945 1073 4006 alios
1096 3957 1275 4028 spernunt,
1308 3945 1360 4007 sic

353 4040 388 4088 et
413 4047 474 4086 nos
495 4025 656 4089 eiusmodi
676 4031 772 4113 nugis
790 4027 970 4103 amatoriis,
995 4030 1238 4114 opulentiorum
1263 4027 1358 4091 vitae

267 4143 272 4156 ·
355 4112 594 4186 consentaneis,
619 4113 825 4198 indulgentes
840 4135 1019 4196 peccamus.
1062 4116 1181 4176 Kiesal.

313 4193 366 4262 ιδ.
387 4193 530 4256 Brunck.
545 4198 668 4280 recepit
676 4197 845 4260 Hoelzlini
860 4212 892 4261 et
900 4197 1270 4281 thonicoaiecturam,
1294 4196 1364 4260 ianr
