2816 5014
249 401 278 470 *8
429 409 1080 484 ecorrlnor-nrarart‘ron
1113 400 1145 472 ά.

256 571 310 654 Ἀ
322 577 485 682 pilataque.
511 574 662 680 gaudum
673 581 712 654 δὲ
727 574 839 656 colob
854 580 952 678 κρῆς,
979 586 1060 656 ints
1072 577 1101 655 κ’
1115 577 1297 680 ἁμέλξῃς.’

640 685 682 760 Α
687 688 798 758 ῙΠΟ
806 687 846 758 Λ
855 688 940 758 ΟΣ.

253 779 410 878 'Aison
436 780 640 882 ὤποιμάν,
665 779 713 862 cti
726 780 812 864 casis
830 790 952 894 μέλος,
978 782 1225 886 ἤντὸκαταχές

266 952 464 972 m

320 1041 396 1106 virle
411 1045 475 1124 sis,
498 1067 580 1132 quae
599 1045 715 1130 scripsi
727 1045 879 1114 adlliom
894 1047 922 1114 I.
940 1047 992 1113 55.
1011 1046 1068 1132 qui
1083 1063 1229 1110 nostrum
1243 1046 1335 1110 imi-

321 1143 405 1191 tatus
422 1145 489 1210 est,
512 1131 547 1192 in
562 1131 698 1196 Authol.
711 1155 758 1236 gr.
778 1147 885 1216 poet,
910 1135 1122 1218 etrruroep'giei,
1144 1155 1334 1220 μεταφορι-

323 1213 386 1292 κοῖς
399 1213 467 1282 circi
482 1217 538 1284 τοῦ
551 1227 823 1302 κατενεχθηυεται»
852 1219 915 1282 iam
928 1217 1035 1283 Schol.
1049 1217 1113 1280 scri
1137 1219 1191 1280 sit.
1212 1217 1331 1283 Harl.

320 1297 519 1383 Apollonius
533 1303 671 1384 Dyscol.
688 1300 727 1364 de
743 1322 890 1392 pronora.
906 1325 939 1387 p.
954 1301 1027 1368 566.
1043 1301 1097 1403 ⁰³:
1106 1241 1210 1367 helle
1233 1304 1256 1382 η’
1280 1307 1340 1372 σε’

325 1405 440 1491 ὁμοίως
453 1405 530 1494 cpio
545 1405 671 1476 πάντων
683 1405 780 1488 stotm'·
797 1412 931 1496 Δωριεῖς
943 1407 995 1478 lari
1007 1410 1063 1477 tuti
1072 1431 1100 1474 s·
1114 1414 1174 1486 εἰς
1194 1411 1233 1477 τὲ
1255 1439 1278 1478 st
1287 1443 1337 1480 α·

325 1497 483 1578 sophai,
515 1491 692 1578 Θεόκριτος·
723 1492 821 1580 reptio
847 1501 889 1564 lt
909 1499 949 1564 τὲ
970 1495 1043 1561 coir
1064 1499 1208 1579 φίλων,
1239 1493 1336 1564 Ἀλ-

321 1575 403 1661 mols
430 1581 568 1663 (Fragm.
585 1579 748 1642 Alcmanis
763 1585 824 1663 lyr.
841 1579 891 1642 ecl.
907 1580 1074 1644 Welckcr.
1088 1601 1121 1662 p.
1136 1579 1214 1666 69.).
1240 1581 1332 1646 Gre-

322 1664 433 1764 gorius
455 1663 495 1724 de
508 1665 650 1727 Dialect.
667 1687 700 1748 p.
714 1663 786 1730 615.
810 1665 967 1728 Aeolibua
982 1664 1045 1726 hoc
1064 1665 1214 1750 assignat.
1259 1669 1332 1728 Et-

322 1771 387 1810 ram
409 1747 490 1809 alios
514 1750 746 1812 Grammaticos
766 1765 894 1834 praeter
917 1750 1129 1834 Apollonium
1143 1753 1178 1810 ¹et
1194 1751 1331 1837 Grego-

323 1833 407 1894 rium
437 1832 523 1894 idem
544 1833 584 1896 de
604 1836 709 1898 forma
731 1840 775 1902 τέ
798 1836 948 1913 sensisse,
994 1834 1192 1918 intelligitur
1214 1857 1256 1898 err
1280 1837 1333 1898 iis

323 1937 405 2002 quae
427 1917 621 2001 Apollonius
640 1939 673 2002 p.
691 1915 763 1986 565.
779 1921 818 1982 de
837 1921 999 1987 formari
1006 1945 1025 1985 a
1049 1918 1210 2004 disputat3
1235 1942 1332 2004 quae

324 2003 460 2086 repetita
481 2017 558 2065 sunt
581 2025 599 2065 a
621 2003 797 2067 Schaefero
823 2005 863 2066 ad
886 2006 1021 2091 Gregor.
1036 2024 1069 2089 p.
1085 2002 1137 2086 75.
1181 2004 1235 2065 Sic
1250 2007 1330 2068 for·

323 2107 373 2148 rna
394 2088 436 2152 τέ
452 2108 511 2170 pro
534 2088 580 2154 σε’
604 2089 681 2150 satis
702 2087 890 2151 defenditur
912 2089 1108 2152 auctoritate
1127 2090 1331 2152 Grammati-

326 2193 454 2249 corum,
478 2173 534 2233 cui
554 2171 681 2235 accedit
700 2175 877 2237 auctoritas
899 2175 1048 2237 codicum
1069 2173 1237 2236 Theocriti
1252 2173 1328 2236 hoc

324 2255 455 2340 quidem
475 2261 549 2318 loco
569 2256 654 2318 nihil
665 2258 831 2324 varietatis
847 2257 1073 2337 offerentium,
1098 2259 1192 2322 stria
1209 2264 1331 2320 analo-

324 2341 414 2424 giae3
438 2362 511 2402 nam
527 2342 731 2404 nominativo
744 2339 780 2412 cai
794 2343 970 2428 respondet
985 2345 1187 2406 accusativus
1199 2345 1249 2409 ιε’..
1264 2344 1329 2406 Ne
1395 2349 1396 2352 ’

324 2426 509 2488 encliticam
527 2447 658 2510 quoque
673 2427 809 2490 formam
823 2456 858 2498 as
871 2429 1032 2505 efferrent,
1056 2429 1092 2490 in
1109 2449 1203 2490 causa
1216 2427 1330 2489 fuisse

323 2509 454 2571 videtur
475 2511 635 2592 particula
656 2535 699 2578 st.
729 2511 881 2578 Attamen
904 2513 968 2578 hoc
988 2514 1131 2576 animum
1153 2513 1331 2576 advertere

326 2609 446 2678 potest,
471 2593 560 2679 quod
572 2611 700 2680 praeter
716 2595 805 2662 hunc
820 2605 940 2676 locum,
956 2600 992 2660 in
1007 2620 1103 2683 quem
1118 2619 1136 2660 e
1150 2620 1197 2660 vs.
1212 2595 1331 2662 eiam

326 2680 404 2742 olim
422 2701 482 2764 per
502 2703 642 2744 errorem
662 2685 731 2750 ἐστὲ
753 2685 866 2767 potuit
885 2685 1043 2781 irrepere,
1068 2697 1102 2744 et
1119 2685 1228 2742 locum
1243 2681 1328 2744 Alc-

322 2766 425 2828 manis
452 2787 511 2848 par
537 2766 645 2828 omnia
666 2768 837 2831 Theocriti
863 2787 1003 2829 carmina
1028 2765 1064 2824 in
1086 2762 1255 2826 codicibus
1277 2785 1329 2828 nc

322 2849 498 2934 vestigium
520 2850 650 2990 puidam
675 2853 796 2912 formae
816 2855 852 2916 τέ
869 2848 1030 2922 occurrit,
1059 2845 1116 2908 sed
1135 2845 1264 2930 ubique·
1283 2847 1330 2916 ni

322 2955 382 3016 pro
403 2937 439 2998 σὲ
461 2933 523 2992 scri
547 2933 626 2993 itur.
671 2933 888 3016 Quamobrem
907 2931 1031 3013 Toupii
1048 2946 1081 2992 et
1095 2931 1253 2996 Brunckii
1269 2956 1326 3008 ra·

198 3017 201 3022 ’
322 3018 465 3092 tionem,
489 3018 522 3093 ἐς
539 3013 576 3082 cti
596 3017 868 3098 praeferentium,
891 3014 1036 3078 nondum
1052 3019 1239 3078 convulsam
1252 3037 1328 3084 ease

323 3122 449 3166 censeo.
461 3133 505 3150 -
535 3099 586 3164 Ad
603 3099 830 3186 illustrandum
843 3123 935 3164 voum
945 3099 1038 3164 verbi
1050 3103 1216 3184 καταᾴῥεῖν
1232 3121 1326 3164 com·

322 3185 416 3250 mode
437 3181 547 3246 laudat
565 3185 683 3250 Jacobs
698 3185 831 3266 ¹Gallim.
848 3187 929 3270 frag.
946 3183 996 3272 96.
1019 3186 1112 3252 πάλιν
1126 3183 1162 3251 τό
1174 3185 1272 3270 lcipor
1289 3191 1326 3264 ἐς

216 3293 219 3298 ·
325 3265 441 3348 Θάλητ’
452 3267 620 3338 ἁνώλισθε.
650 3271 765 3334 Horat.
779 3273 806 3334 Ῑ.
823 3271 928 3335 Carm.
941 3269 1098 3336 XXVIII.
1115 3269 1166 3336 28.
1188 3271 1248 3336 tibi
1262 3273 1326 3332 de·

315 3361 410 3440 fluat
430 3377 528 3438 aequo
543 3377 565 3415 a
584 3357 668 3438 Iope.
711 3359 854 3418 Kieasl.·
1295 3416 1302 3426 ‚

281 3443 313 3512 6.
335 3439 429 3511 καλὼ
441 3443 531 3519 κρέας
544 3438 641 3500 scribi
659 3439 749 3503 iubet
768 3441 924 3504 Valcken.
941 3465 1013 3504 cunr
1020 3442 1065 3504 D.
1081 3441 1233 3515 Heinsio,
1250 3454 1326 3502 tum

322 3543 360 3591 vt
381 3547 491 3587 versus
513 3527 556 3586 sit
580 3525 681 3586 instar
705 3526 888 3588 vicinorum
909 3525 1079 3597 bucolicus
1094 3526 1200 3604 (coni.
1213 3523 1324 3607 Epist.

323 3613 365 3676 ad
388 3611 508 3671 Rbuer.
528 3631 560 3695 p.
574 3609 686 3700 xit),
712 3625 780 3672 tum
796 3626 833 3673 vt
848 3611 904 3673 hic
917 3633 1050 3694 quoque
1065 3632 1124 3672 suo
1140 3631 1227 3672 ruore
1243 3609 1326 3670 scri·

323 3699 424 3782 paiste
446 3692 596 3756 videatur
617 3693 830 3759 Theocritusr
865 3717 895 3762 v.
915 3695 1010 3778 Idyll
1028 3695 1068 3771 V,
1087 3694 1173 3760 140.-
1193 3695 1254 3769 IX,
1274 3693 1328 3758 25.

324 3782 447 3866 [Etiam
475 3779 616 3844 Brunclr.
645 3779 742 3844 Dahl.
775 3781 937 3846 Scheefer.
966 3780 1095 3848 Jacobs.
1129 3792 1326 3862 receperunt

323 3869 425 3951 κρέας.
456 3865 516 3926 Me
537 3866 664 3926 numeri
686 3863 830 3928 bucolici
845 3882 878 3930 et
892 3866 954 3926 alia
970 3865 1140 3929 Theocriti
1155 3871 1227 3930 loca
1242 3883 1328 3930 tton-

324 3953 400 4014 ‹lum
422 3971 611 4034 pprmovere
632 3963 830 4033 potuerunt,
854 3968 890 4012 vt
911 3953 1045 4013 formam
1063 3949 1224 4014 duriorem
1241 3949 1327 4030 κρῆς,

324 4037 364 4100 de
388 4053 451 4121 qua
465 4031 532 4095 vid.
549 4037 683 4120 Gregor.
700 4033 740 4096 de
753 4037 843 4096 Dial.
860 4059 893 4118 p.
911 4035 996 4112 235,
1012 4031 1236 4118 expellendam
1249 4051 1326 4092 cen·

327 4143 442 4187 serem.
464 4118 590 4182 Eodem
605 4135 692 4182 certe
706 4119 788 4198 iure,
815 4141 879 4206 quo
895 4124 983 4202 s’ccs',
999 4121 1169 4185 retinetur.
1190 4115 1326 4200 Kiriath]
1395 4127 1396 4136 ¹
