2796 5024
267 438 308 508 st
426 440 764 524 Ι0101171107
786 438 1099 508 aramma
1119 433 1158 522 7.

271 614 386 690 clatra
399 607 520 686 καλόν·
545 612 604 686 τίν
621 605 690 710 reip
705 611 949 706 ποταείσομακ
964 609 1096 702 dccxc,
1123 587 1292 705 lnlpovs
1378 655 1379 690 r

275 719 332 811 Τᾷ
351 711 487 810 χθονίᾳ
510 712 547 789 θ’
559 709 712 810 Ἑκάτα,
738 709 809 788 ναν
825 713 884 788 καί
900 709 1067 796 σκύλακες
1083 717 1304 812 τρομεόντι,

268 817 497 915 Ἑρχομίναν
520 811 653 892 νεκύων
677 811 748 890 α’νιί
761 814 792 890 τ’
809 815 895 914 ἠρία
913 815 972 891 καί
984 819 1099 909 μέλαν
1116 817 1220 911 αἷμα.

271 917 403 1020 Χαῖρ’,
435 913 576 994 Ἑκάτα
596 920 774 1017 δασπλῆτκ
782 974 798 1010 ,
824 919 884 1096 κιρί
907 925 941 1001 ἐς
961 923 1062 1000 τέλος
1085 916 1204 1014 ἄμμιν
1225 913 1331 994 6πᾶ·
1380 1025 1381 1034 ρ

875 1050 906 1095 εκ

272 1119 456 1220 Φάρμακα
472 1121 582 1200 ταῦθ’
599 1128 747 1222 ἔρδοισα
763 1076 930 1221 χερείονίκ
944 1119 1039 1222 μήτε
1054 1153 1093 1198 τι
1105 1123 1262 1222 Κίρκας,
1282 1123 1331 1192 15
1381 1211 1382 1216 ¹

271 1223 382 1326 Μήνα
397 1256 436 1301 τι
450 1227 635 1328 Μηδείας,
661 1221 756 1326 μήτε
773 1227 909 1312 ξανθαῖς
924 1221 1146 1326 Περκμῆδας.

333 1431 424 1500 poet.
451 1429 640 1498 quapropter
656 1413 781 1500 ¹Reislre
794 1429 827 1476 et
841 1417 981 1478 Warton
996 1431 1175 1481 verterunt.
1207 1414 1332 1476 Lunae

239 1509 246 1519 '
335 1515 443 1562 autem
457 1499 673 1561 ministerium
690 1500 725 1560 in
739 1499 870 1585 magicis
883 1501 1006 1563 artibus
1021 1502 1098 1562 olim
1112 1499 1331 1564 necessarium

295 1660 297 1667 y
333 1585 437 1648 fuisse
457 1584 581 1660 visum,
603 1583 754 1668 illamque
774 1599 808 1646 et
821 1587 966 1668 Hecaten
983 1585 1143 1668 praesides
1160 1600 1261 1669 atque
1274 1583 1332 1646 ad·

333 1669 495 1732 ministras
524 1667 737 1730 veneficarum
764 1684 862 1754 atqua
890 1691 1051 1754 magarurn
1082 1669 1228 1744 habitas,
1262 1669 1328 1730 iarn

333 1753 429 1814 multi
451 1767 615 1816 notarunt.
640 1776 670 1816 v.
692 1753 815 1818 Tibull.
833 1757 859 1818 I.
878 1773 908 1818 2.
923 1755 976 1819 4²·
991 1754 1042 1819 52.
1059 1753 1110 1818 61.
1126 1769 1187 1815 etc.
1212 1751 1330 1838 ibique

199 1857 203 1863 ’
331 1837 516 1902 Broukhus.
540 1853 573 1900 et
592 1837 676 1900 dela
692 1837 794 1900 Cerda
815 1854 912 1924 atque
931 1839 1049 1922 Heyne
1065 1839 1105 1900 ad
1119 1839 1233 1924 virgil.
1252 1841 1329 1900 Ecl.

333 1921 427 2000 VIII,
444 1921 495 1986 68.
510 1944 558 2006 sq.
578 1926 676 1984 Harl.
699 1925 752 1985 De
767 1923 890 1986 Hecate
905 1925 991 1988 conf,
1006 1927 1032 1983 J.
1049 1927 1094 1986 H.
1116 1925 1149 1986 V
1147 1930 1224 1985 orrir'
1238 1946 1328 1986 com·

333 2023 432 2068 ment.
451 2007 485 2068 in
513 2009 594 2069 Νον.
609 2009 683 2070 Act.
699 2009 758 2071 lat.
775 2031 838 2071 soc.
857 2012 925 2071 Ian.
939 2043 984 2059 -
1007 2023 1040 2070 et
1055 2007 1095 2071 de
1110 2011 1159 2078 οἶα
1174 2008 1214 2071 ad
1226 2008 1328 2092 tdylt

258 2157 262 2166 ,
333 2091 441 2154 XVII.
458 2089 510 2176 96.
552 2096 670 2155 Kiassl.

294 2179 343 2242 11.
365 2177 516 2238 Forsitan
529 2177 623 2262 ίίσυχε
636 2182 760 2261 δαῖμον,
782 2178 871 2263 quod
887 2179 1043 2240 convenit
1057 2179 1184 2248 Lunae.
1206 2182 1329 2242 Kiecsl.

295 2297 344 2344 12.
362 2273 411 2340 'Et
432 2277 467 2338 hi
488 2301 581 2340 canes
596 2280 720 2364 ‘'tini’'
739 2280 795 2364 qui
810 2301 842 2344 v.
858 2281 909 2346 55.
927 2299 1231 2359 commemorantur,
1257 2304 1328 2344 non

301 2427 305 2438 ,
334 2377 409 2424 sunt
424 2383 517 2424 canes
553 2363 588 2422 ui
603 2365 748 2424 Hecaten
763 2365 959 2446 comitantur
975 2369 1076 2455 (conf.
1091 2371 1198 2452 Apoll.
1213 2365 1327 2430 Rhod.

333 2447 397 2521 Ill,
418 2464 505 2522 ¹2¹7·
529 2385 667 2516 incisu.
688 2447 835 2534 Philops.
851 2451 881 2536 ς.
901 2455 984 2538 an),
1019 2451 1076 2516 sed
1092 2455 1166 2531 alii,
1195 2453 1253 2539 qui
1269 2473 1328 2537 per

301 2530 442 2602 ,vrbem
459 2546 626 2615 vagantur.
671 2536 789 2597 Kiesrl.
901 2555 905 2568 ·
1225 2559 1228 2564 ’

294 2629 343 2700 15.
365 2631 455 2716 η’ρία,
479 2635 644 2716 sepulcra,
666 2658 698 2700 v.
724 2633 832 2700 schot.
853 2661 912 2702 nes
933 2663 1000 2704 non
1020 2641 1162 2726 Hesych.
1186 2639 1218 2700 h.
1236 2662 1272 2705 v.
1296 2655 1329 2702 et

333 2716 437 2806 ἠρίον,
459 2715 570 2805 ibique
583 2721 727 2798 Alberti,
754 2738 848 2809 atque
863 2725 1053 2810 Harpocrat.
1070 2749 1102 2810 p.
1123 2723 1191 2790 185.
1204 2757 1245 2773 -
1269 2725 1329 2810 με’·

300 2851 302 2858 ,
333 2812 391 2870 λων
412 2807 506 2886 αἷμα,
528 2827 587 2884 per
607 2810 736 2888 nigrum
761 2821 952 2872 mortuorum
973 2818 1176 2896 sanguinem,
1196 2833 1257 2890 per
1271 2825 1329 2871 ta-

252 2922 257 2932 ·
333 2889 409 2950 bida
434 2889 603 2949 cadavera.
632 2911 663 2950 v.
680 2891 832 2953 Dorville
848 2891 888 2954 ad
901 2895 1071 2960 Chariton.
1086 2919 1119 2980 p.
1137 2891 1329 2978 576-578.

336 2979 384 3058 (p.
400 2971 503 3036 428.s
527 2993 557 3054 q.
579 2970 628 3033 ed.
649 2973 772 3057 Lips.).
813 2977 913 3040 Poeta
934 2985 1072 3044 colorem
1094 2979 1243 3042 sumsisse
1256 3003 1330 3040 mn·

337 3075 429 3118 tunm
451 3055 491 3116 ab
546 3076 652 3119 omero
679 3059 771 3120 Iliad.
795 3061 836 3124 X.
855 3081 925 3148 297.
947 3063 1018 3152 298.
1040 3081 1074 3128 et
1096 3063 1169 3152 469.
1185 3061 1329 3126 ridetur.

282 3135 290 3161 “
336 3139 567 3204 Valckenarius
587 3142 622 3200 in
646 3142 782 3224 epistola
804 3145 845 3207 ad
859 3149 979 3214 Rover.
995 3173 1026 3234 p.
1040 3151 1131 3213 ΜΠ.
1148 3171 1194 3233 sq.
1210 3149 1331 3210 maluit

337 3230 425 3308 ripa,
449 3226 638 3304 sepulcrum.
659 3229 757 3290 Harl.
800 3231 1015 3297 Valckenario
1028 3235 1127 3298 lectio
1139 3237 1234 3316 μίλαν
1250 3237 1331 3313 αἷμα

335 3323 506 3396 propterea
527 3306 734 3392 displicebat,
771 3316 845 3398 quia
867 3317 946 3381 haec
966 3319 1061 3381 verba
1086 3319 1220 3404 putabat
1241 3319 1329 3380 acci·

336 3391 455 3480 pientia
476 3415 545 3455 esse
559 3395 597 3455 de
609 3395 717 3458 hostia
723 3402 828 3480 pulla.
857 3403 945 3464 Hinc
958 3404 1094 3468 malebat
1107 3407 1193 3488 ιίμα.
1217 3406 1331 3482 εεριιίμ,

339 3501 443 3556 eram,
467 3499 509 3540 ex
532 3479 700 3544 locutione
719 3487 906 3552 ἐπιέσασθαι
924 3489 1000 3574 γῆν,
1023 3512 1118 3573 quarn
1142 3486 1331 3572 Hesychius

340 3563 482 3646 explicat
501 3565 643 3648 repricat.
672 3567 734 3629 Sed
754 3571 831 3631 satis
853 3571 964 3634 docuit
984 3573 1186 3652 Dorvillius,
1219 3595 1331 3656 magas

339 3645 678 3745 etiamncadareribus·
692 3674 763 3717 vsas
783 3675 869 3732 esse,
908 3673 940 3719 et
962 3673 1048 3721 recto
1070 3658 1125 3719 hic
1147 3663 1331 3741 sepulcreta

341 3751 498 3830 sangnine
520 3747 552 3793 et
565 3731 641 3797 tabo
657 3753 855 3802 mortuorum
869 3739 974 3804 lurida
990 3741 1238 3805 commemorari.
1273 3742 1333 3802 In-

304 3879 307 3888 ,
363 3835 449 3875 rums
467 3818 554 3879 conf.
576 3821 701 3884 Lucan.
712 3825 769 3902 VI,
778 3825 850 3890 545.
861 3849 928 3912 sqq.
952 3827 1024 3914 754.
1033 3849 1100 3914 sqq.
1122 3827 1229 3890 Tacit.
1241 3825 1329 3888 Ann.

393 3897 471 3986 ,69.
523 3901 671 4001 Ceterum
693 3907 817 3972 Auctor
835 3911 943 3992 Etyrn.
967 3915 1017 3975 M.
1042 3936 1074 3997 p.
1090 3911 1163 3994 457,
1193 3933 1239 3990 17.
1259 3925 1331 3972 tan·

341 4004 435 4066 quam
460 3983 689 4052 Theocrrteum
713 3993 818 4071 affert,
843 4001 894 4062 καί
909 3995 981 4080 ἠρία
995 3995 1215 4082 respernitur,
1238 3995 1329 4080 quod

338 4067 554 4166 Valckenario
574 4080 753 4156 perplacet,
779 4101 796 4139 a
816 4082 986 4145 Dervillio
1009 4083 1106 4144 huius
1126 4079 1328 4167 grammatici

335 4155 572 4238 negligentiae,
597 4179 615 4220 a
633 4160 769 4226 Reisltio
785 4168 958 4230 memoriae
972 4171 1072 4232 errori
1088 4183 1144 4230 aut
1157 4167 1268 4230 variae
1284 4169 1329 4227 le·
