2922 5026
273 461 339 552 7⁶⁶
654 465 975 534 enorpraor

273 753 404 837 Elam
426 751 824 856 φυλλοστρῶτνζπέδςο,
872 747 1023 875 astion,
1065 753 1170 848 σῶμα
1199 781 1337 850 κεκμα-

854 885 914 938 κος

343 957 560 1054 Ἀμπαόων
579 956 741 1042 ordinaret
756 957 786 1036 δ’
804 957 1017 1054 α’ρτιπαγεΐς
1034 955 1089 1034 ἄν’
1112 958 1191 1060 ὅρηζ

271 1059 442 1162 Ἀνρεόει
459 1069 500 1138 δέ
514 1094 558 1138 τυ
577 1060 661 1138 Πόν
670 1121 684 1156 ,
711 1065 771 1136 καὶ
789 1062 810 1136 ό
824 1055 891 1136 τόν
905 1057 1104 1158 κροκόεντα
1120 1059 1288 1163 Πρίηπος

348 1163 491 1242 Κισσόν
507 1164 560 1262 ἐφ’
579 1167 716 1264 ἱμερτῷ
733 1167 838 1263 κρατὶ
854 1159 1150 1258 καθαπτόμενος,

263 1262 950 1368 ’Λντρονέοοστείχοντεςὸμόρροθοι.
977 1262 1263 1366 όλλότόφεῦνε,
1306 1271 1330 1344 5

348 1377 465 1470 aalys
479 1376 607 1470 μαθεὶς
628 1372 743 1448 ὕπνου
761 1375 864 1468 κῶμα
881 1366 1168 1468 καταρρεόμενον.

269 1507 469 1525 *un—-

291 1601 320 1646 a·
343 1575 514 1664 κεκμακιός,
536 1579 608 1645 Vat.
629 1595 662 1642 et
675 1594 739 1642 trea
755 1577 812 1640 alii
831 1578 915 1662 apud
933 1575 1097 1640 Gaiaford.
1119 1577 1198 1641 Non
1217 1579 1329 1664 displi-

333 1680 385 1727 cet
399 1665 563 1728 Iacobaio:
592 1662 729 1750 ἀμπαύει
749 1662 784 1731 τό
798 1661 905 1748 eulpa,
936 1656 1096 1748 κνκμακοός
1109 1663 1164 1730 οἷν.
1189 1664 1287 1746 Idyll.
1303 1670 1330 1728 Ι,

333 1750 383 1815 16.
396 1747 417 1828 ἦ
429 1747 489 1837 γοῖρ
508 1743 669 1839 ὁπ’ἄγρας
688 1753 804 1816 Τακὶκα
822 1746 985 1830 mipendi
1001 1747 1189 1830 α’μπαόοταν.
1212 1754 1328 1811 Kieaal.

290 1851 318 1898 a·
336 1832 495 1911 στάλαις,
524 1837 657 1918 proprie
677 1835 769 1895 audes
794 1837 947 1906 adiutae,
979 1831 1096 1917 quibua
1120 1835 1328 1917 imponebant

331 1920 424 1984 retia.
449 1943 479 1981 v.
492 1921 643 1980 Warton.
665 1935 697 1980 et
714 1917 844 1980 Arnald.
867 1939 970 2002 graec.
994 1923 1082 1978 lectt.
1095 1919 1140 1979 II.
1158 1941 1189 2004 9.
1210 1941 1243 2003 p.
1262 1919 1325 1984 164.

211 2025 217 2054 ι
330 2003 493 2089 Equidem
514 2003 642 2086 signum
661 2024 720 2086 pro
744 2025 779 2064 re
801 2003 925 2086 aignata
943 2003 1093 2088 intelligo
1118 2020 1214 2088 atque
1230 2005 1325 2064 inter·

328 2104 455 2174 pretor:
488 2089 569 2172 quid
587 2087 732 2148 dormio?
763 2093 871 2147 onuria
893 2085 938 2146 ad
959 2102 1105 2150 venatum
1120 2093 1189 2147 iam
1204 2103 1325 2168 parata

329 2187 414 2236 aunt.
435 2175 532 2236 Harl.
555 2173 660 2236 Vnica
680 2171 781 2256 probo
797 2171 1002 2245 Iacobaium,
1034 2171 1089 2256 qui
1111 2171 1200 2233 bunc
1220 2179 1323 2236 locum

327 2261 376 2321 tic
391 2259 541 2344 expedit:
564 2259 687 2335 „Hunc
702 2279 827 2319 veraum
842 2277 938 2318 aenou
955 2257 1088 2340 proprio
1103 2259 1242 2342 accipio.
1260 2261 1324 2320 Da·

326 2343 445 2429 phala,
475 2343 661 2408 venationis
679 2342 788 2404 labore
808 2345 927 2417 lassus,
958 2341 1036 2402 feria
1056 2341 1208 2403 inaidinri
1225 2342 1322 2404 deaie·

326 2444 396 2506 rat,
420 2453 534 2516 quum,
559 2451 619 2504 en,
643 2425 762 2510 ipsein
778 2424 1027 2488 libidinosorum
1045 2423 1178 2487 deorum
1192 2427 1322 2488 insidias

328 2514 456 2578 incidit.
501 2519 676 2600 Eleganter
696 2525 793 2596 poeta
814 2509 902 2571 ludit
926 2510 960 2570 in
983 2509 1150 2572 notieaima
1175 2509 1217 2573 de
1232 2513 1321 2573 Pania

325 2601 360 2660 in
370 2600 578 2683 Daphnidem
587 2619 692 2660 amore
700 2596 818 2657 fabula.
842 2595 939 2658 Conf.
948 2597 1104 2676 Meleagr.
1115 2597 1177 2678 Ep.
1186 2597 1319 2660 XLVII.

325 2683 465 2751 Diodor.
481 2688 556 2748 Zon.
572 2687 634 2768 Ep.
651 2683 725 2743 vla.
753 2682 867 2742 Glaue.
885 2683 947 2762 Ep·
961 2679 1030 2740 Π.“
1074 2683 1190 2741 Kieaal.

283 2764 313 2832 5.
335 2767 504 2854 Ἀγρεόὲιν,
528 2771 567 2832 de
584 2789 692 2831 amore
705 2770 867 2852 eleganter
883 2765 1037 2847 positum,
1061 2766 1320 2828 illuatratSobra·

326 2854 383 2916 der
395 2855 435 2916 ad
450 2857 623 2918 Musaeum
644 2875 676 2936 p.
693 2852 751 2917 255
775 2873 842 2934 eq.;
875 2864 909 2910 et
925 2848 1179 2932 Xenophontem
1192 2852 1230 2912 in
1251 2853 1319 2914 Me·

322 2941 441 3001 morab.
457 2943 546 3003 Socr.
563 2953 669 3001 totum
684 2941 811 3013 locum,
836 2933 1023 3018 metaphora
1038 2957 1056 2995 a
1072 2949 1193 2998 venatu
1207 2953 1317 3012 aumta,

321 3029 484 3109 eleganter
510 3039 689 3106 ornateque
708 3035 879 3096 tractaaae,
910 3033 1023 3082 notum
1045 3035 1102 3082 eat.
1146 3020 1233 3083 Vide
1259 3023 1318 3083 Xe·

321 3109 420 3188 nopb.
435 3113 483 3170 M.
500 3111 531 3171 S.
548 3111 574 3170 Ι.
592 3131 619 3169 c.
639 3129 668 3171 2.
682 3114 712 3184 0.
728 3106 778 3168 24.
795 3105 907 3189 ibique
922 3105 1063 3166 Ernesti.
1074 3138 1118 3158 -·
1130 3107 1186 3169 De
1202 3107 1317 3190 Priapo

325 3193 449 3255 Tibull.
467 3197 493 3256 1.
509 3196 540 3260 4.
559 3215 586 3258 ι.
600 3193 656 3256 vbi
668 3190 744 3254 vide
757 3187 943 3253 Broulrhua.

376 3292 423 3346 Sia
435 3293 605 3347 umbrosa
622 3292 675 3347 tibi
688 3293 856 3361 contingant
872 3301 988 3354 tacta,
1006 3293 1072 3344 Prr‘a
1096 3311 1120 3358 a,

423 3363 469 3416 Ne
486 3365 575 3435 capiti
591 3363 680 3426 soles,
700 3381 735 3414 na
747 3371 919 3433 noceantque
931 3361 1018 3414 nives.
1056 3311 1139 3416 aliut.

316 3449 356 3510 In
374 3453 514 3512 carmine
529 3449 568 3510 ad
582 3450 735 3534 Priapum
757 3451 850 3531 (Lua.
866 3449 945 3532 ὃν),
965 3444 1054 3530 quod
1070 3454 1168 3534 vulgo
1185 3448 1315 3510 Tibullo

315 3533 522 3611 adscribunt,
555 3535 705 3594 similiter
725 3557 754 3596 v.
774 3555 802 3615 7.
824 3531 944 3593 dicitur
967 3531 1102 3614 Priapus
1119 3556 1250 3594 eaerum
1269 3555 1315 3592 re-

315 3625 443 3681 vinctus
463 3624 618 3702 pampino
638 3631 747 3700 caput.
793 3615 885 3676 Adde
917 3615 1221 3680 Catull.xlX.1o.
1265 3621 1315 3679 Da

315 3727 374 3765 vau
385 3705 474 3765 verbi
489 3703 636 3788 ἀγρεύειν,
660 3702 747 3786 quod
766 3701 804 3762 de
815 3701 988 3762 amantium
998 3699 1128 3762 insidiis
1144 3704 1311 3785 accipitur,

316 3791 437 3853 Iacoba.
454 3791 564 3852 laudat
580 3791 640 3871 Ep.
656 3789 779 3848 leiani
794 3787 865 3847 Vll.
881 3800 914 3846 et
931 3787 1036 3846 facete
1054 3785 1178 3847 dictum
1193 3791 1312 3848 Dema-

314 3881 383 3936 rati
402 3898 453 3959 ap.
475 3873 643 3936 Plutarch.
672 3877 709 3936 T.
733 3877 774 3934 ll.
796 3893 827 3954 p.
845 3889 915 3934 220.
939 3869 975 3930 C.
998 3905 1042 3918 -
1069 3873 1215 3955 Πρίαπος
1249 3873 1310 3934 duo

314 3959 386 4023 cdd.
402 3959 487 4044 apud
504 3958 667 4022 Gaiaford.
712 3959 827 4018 Kzeeal.

271 4043 302 4108 4.
326 4044 432 4113 κισσόν
458 4043 621 4134 κροκόεντα
652 4044 812 4126 iutelligit
838 4039 986 4121 Toupiua
1016 4041 1169 4104 hederam
1188 4065 1312 4106 croceas

312 4131 428 4192 baccae
443 4154 467 4194 a.
483 4131 643 4213 corymbos
651 4132 805 4213 serentem
812 4171 823 4198 ,
845 4141 877 4186 et
892 4125 1002 4186 laudat
1017 4127 1173 4194 Dioscor.
1189 4129 1232 4190 ll.
1244 4151 1260 4191 2
1270 4147 1310 4188 ιο.

310 4216 429 4303 καρπόν
444 4217 606 4302 κροκόεντα
622 4229 717 4280 vocat
734 4209 929 4274 Theocritua
944 4209 1040 4294 ldyll.
1058 4212 1086 4275 I.
1102 4210 1153 4278 51.
1187 4215 1285 4275 Harl.
1405 4285 1408 4293 .
