2962 5020
265 421 330 490 508
437 425 747 494 OEOKPITOY
779 421 1088 488 atArAAtou
1116 415 1171 499 'sq'-

264 596 401 674 Εὕδνιν
417 598 486 689 μὲν
505 591 680 693 χρῄζοντα
695 590 779 669 καθ’
795 592 893 689 ὤραν
912 587 1027 668 αὐτον
1044 593 1153 693 ἐχρῆν
1169 621 1230 684 co,

265 703 391 774 Παῑδα
407 697 436 772 δ’
454 701 517 794 ἐῆν
534 695 600 772 otia
617 699 721 771 παισὶ
739 691 967 792 φιλοστόργῳ
985 693 1087 790 παρα
1099 699 1217 795 ματρὶ

264 803 442 876 Παίοδειν
476 807 509 883 a‘c
544 795 670 895 βαθύν
701 799 869 918 ὄρθρον·1
889 799 966 872 a’uai
987 800 1049 873 sui
1074 802 1176 890 ἕνας,
1213 801 1336 885 ναὶὲς

845 929 913 991 ou,

261 1004 342 1105 Kp'c
358 1007 438 1088 ἔτος
454 1011 488 1088 ἐξ
506 1007 602 1086 ἔτεος
610 1061 624 1095 ,
651 1006 840 1094 Μενέλαε,
867 997 935 1077 caci
952 997 1035 1085 νοδς
1052 1002 1129 1078 ἅδε.
1282 1011 1332 1081 ι5

254 1106 387 1202 Ὄλβια
401 1103 555 1206 γάμβρ,
583 1102 723 1202 α’γαθός
736 1135 791 1188 τις
808 1109 1008 1203 ἐπέπναρον
1025 1111 1207 1204 ἐρχομένῳ
1226 1137 1289 1184 τοι

261 1205 520 1308 Ἐς“Σοοίρταν
528 1266 543 1300 ,
570 1209 656 1286 ὄνοι
673 1209 797 1304 ᾤ”λλοι
813 1205 995 1306 α’ριστεές,
1023 1207 1068 1290 uic
1083 1206 1250 1286 οἱνύσαιο.
1370 1273 1376 1284 .

263 1315 415 1396 Μοῦνος
432 1319 470 1388 ἑν
488 1312 658 1408 duruisse
671 1311 859 1412 Κρονίδαν
873 1311 951 1387 Δία
968 1307 1149 1412 πενθερόν
1166 1321 1263 1399 ἑξοῖς.

266 1471 476 1496 ..-

284 1569 334 1617 12.
359 1551 460 1618 Εὸδεν
473 1553 531 1637 μὲν
546 1548 736 1640 potissimo,
758 1551 883 1615 doricas
903 1551 960 1614 has
977 1553 1095 1616 formas
1105 1552 1327 1620 restituendas

326 1659 395 1700 esse
409 1639 545 1700 'monuit
567 1625 680 1722 Toup,
711 1637 807 1700 etism
829 1639 862 1697 in
884 1637 1034 1722 Epistola
1056 1638 1096 1699 ad
1112 1641 1262 1701 Warton.
1285 1645 1324 1702 T.

327 1725 371 1806 ΙΙ.
392 1744 424 1804 p.
443 1719 513 1785 332.
539 1721 661 1784 eosdem
680 1723 831 1806 probavit
849 1722 1001 1785 Valcken.
1023 1737 1056 1786 et
1068 1722 1208 1784 Brunclt.
1226 1723 1260 1783 in
1278 1739 1327 1786 te·

327 1822 419 1867 xtum
435 1807 565 1890 recepit.
585 1843 619 1857 -
638 1807 831 1870 lectionem
846 1803 938 1872 αὐτᾶν
953 1808 1044 1892 ἐχρῆν
1056 1836 1102 1884 τυ,
1121 1827 1202 1894 quac
1217 1827 1235 1868 a
1248 1807 1325 1871 Cel·

324 1891 426 1977 liergo
444 1891 478 1950 iu
496 1891 689 1974 posteriores
706 1890 777 1954 edd.
793 1891 903 1970 venit,
926 1891 1157 1954 Valckenarius
1172 1893 1207 1952 in
1221 1893 1326 1976 prima

324 1975 402 2038 edit.
426 1991 458 2039 et
479 1977 620 2038 servavit
641 1992 674 2038 et
684 1975 840 2060 praetulit
861 1976 997 2040 lectioni
1017 1978 1176 2052 Aldinae,
1199 1977 1326 2040 aReia·

266 2053 271 2062 '
321 2059 380 2122 ltio
394 2061 585 2143 rescriptae,
608 2062 683 2148 χρῆν
697 2053 792 2128 αὐτόν
806 2080 855 2128 τυ·
870 2083 965 2145 quam
982 2061 1116 2124 eundem
1136 2059 1171 2126 iu
1192 2061 1325 2144 optimis

328 2144 400 2208 cdd.
427 2160 586 2228 repertum
616 2147 713 2208 etism
732 2147 911 2209 Wartonus
936 2146 1097 2228 probavit.
1133 2141 1227 2212 αὐτον
1251 2165 1325 2208 cum

322 2229 536 2294 Wintertono
555 2229 788 2314 interpreteris,
813 2246 842 2292 tc
856 2234 958 2292 solum
973 2243 1155 2312 oportuerat
1168 2231 1324 2304 dormire,-

321 2313 398 2381 vide
414 2313 578 2378 Theocrit.
595 2314 639 2376 11.
655 2322 707 2402 89.
718 2315 776 2382 IV.
793 2317 840 2380 15.
858 2315 916 2378 XI.
934 2333 982 2378 ια.
1012 2313 1107 2376 Iliad.
1121 2333 1156 2382 o.
1171 2337 1225 2416 99.
1254 2317 1321 2376 Eu·

320 2397 417 2482 ripid.
431 2397 551 2460 Pboou.
565 2397 637 2485 496.
653 2414 778 2486 ecquae
794 2399 833 2461 dc
849 2421 908 2460 vsu
923 2399 1021 2466 huius
1031 2399 1322 2483 prouomuisscri·

320 2485 372 2569 psi
394 2481 433 2544 ad
460 2484 592 2545 Authol.
614 2507 660 2570 gr.
676 2499 763 2568 poet.
784 2505 817 2567 p.
835 2481 886 2550 84.
908 2518 952 2534 -
972 2484 1113 2545 Brunck.
1139 2484 1321 2546 intextum

320 2568 450 2632 admisit
465 2567 597 2629 Heinsii
616 2571 850 2644 coniecturum,
881 2569 964 2636 aiios
984 2569 1041 2654 μὲν
1056 2565 1230 2656 modom
1248 2565 1323 2644 καθ’,

318 2653 404 2734 ὥραν
425 2651 511 2718 εὗδον
529 2655 623 2738 ἐχρῆν
645 2683 700 2731 τυ,
729 2675 823 2738 quam
840 2653 987 2735 Toupius
1009 2675 1138 2739 quoque
1160 2653 1320 2736 probavit.

319 2739 359 2802 In
381 2739 470 2798 notia
490 2751 598 2798 tamen
620 2721 801 2800 Brunclzius
822 2737 1012 2814 confitetur,
1042 2735 1126 2798 hanc
1146 2739 1319 2800 lectionem

317 2843 335 2884 a
358 2843 391 2884 se
411 2822 497 2884 forte
518 2843 586 2883 nou
607 2821 709 2904 recipi
732 2822 933 2905 oportuisse,
962 2821 1038 2906 quia
1059 2820 1157 2886 lectio
1179 2843 1250 2884 rece
1273 2835 1316 2899 ta,

317 2905 347 2966 si
363 2905 447 2966 nihil
463 2903 592 2968 absurdi
608 2903 740 2982 habeat,
764 2929 830 2970 nou
841 2906 940 2970 ‘facile
954 2904 1105 2966 mutanda
1119 2905 1181 2982 νίας
1211 2844 1317 2969 niiito

315 2989 424 3051 minus
446 3003 553 3050 temen
568 2987 769 3052 verissimum
784 3011 863 3068 esse,
885 2993 988 3054 mutto
1006 2989 1235 3076 elegantiorem
1251 3010 1318 3052 esse

317 3077 449 3136 alteram
469 3074 653 3154 tectioncnu
698 3073 930 3140 Valckenarius
958 3075 993 3136 in
1016 3079 1115 3136 altera
1137 3073 1216 3138 edit.
1235 3072 1319 3136 affir-

316 3172 383 3220 mat
391 3204 403 3233 ‚
427 3179 513 3220 nunc
528 3180 657 3220 movere
672 3179 706 3222 se
720 3181 824 3243 paene
839 3159 1056 3235 Brunckium,
1087 3173 1124 3223 vt
1143 3159 1252 3220 verius
1266 3161 1316 3220 vi·

316 3241 429 3305 deutur
441 3243 528 3310 sitite
545 3243 727 3326 repetitum.
759 3243 1012 3308 Ssuctsmandus
1025 3243 1061 3304 in
1077 3245 1233 3306 Wartoui
1249 3241 1315 3306 Ad-

315 3327 431 3390 dcudis
451 3349 484 3410 p.
498 3325 570 3408 557.
592 3325 686 3395 uicis
704 3329 917 3392 necessarium
940 3348 1009 3390 ease
1032 3343 1151 3391 censet.
1195 3329 1315 3414 Vulga-

315 3427 381 3474 tam
396 3413 498 3473 tuitus
514 3425 562 3474 est
579 3414 676 3474 etism
691 3413 953 3484 Hemsterhusius
970 3411 1009 3473 ad
1025 3413 1168 3474 Luciau.
1189 3415 1229 3474 T.
1244 3413 1271 3476 Ι.
1281 3433 1314 3495 p.

313 3496 388 3562 250.
400 3531 441 3546 -
455 3496 606 3580 Toupius
626 3498 660 3559 in
677 3497 843 3561 Addendis
856 3497 948 3598 ἐχρῆν
963 3511 1072 3560 tuetur
1094 3511 1206 3560 contra
1220 3497 1313 3559 Reic-

315 3579 420 3646 kium.
441 3583 541 3642 Harl.
562 3583 617 3645 Dc
634 3605 694 3644 vsu
711 3583 894 3666 imperfecta
907 3581 1001 3668 χρῆν,
1022 3603 1104 3667 quae
1118 3582 1316 3644 formacerte

315 3666 554 3742 usitatiorem,
583 3689 677 3754 quam
696 3672 814 3741 ultera,
843 3682 880 3730 vt
897 3680 983 3738 recte
997 3667 1125 3728 monuit
1143 3666 1311 3744 Reiakim,

313 3772 460 3838 quaeque
477 3749 510 3814 h.
528 3754 550 3812 l.
568 3774 585 3812 a
602 3773 659 3814 aex
674 3752 746 3815 cdd.
760 3751 904 3831 offertur,
916 3751 1005 3816 cont.
1020 3750 1198 3813 Matthiaei
1212 3771 1310 3837 gram.

334 3859 358 3898 r.
395 3837 492 3901 .5ιο.
533 3837 651 3900 Kisssl.
1147 3864 1153 3872 ·

267 3859 333 3990 14.ὅ
346 3843 393 3986 25⁰.
416 3922 561 3999 Παίοδην
581 3921 721 3985 Bruncit.
745 3921 898 4008 [παὶοδεν
916 3943 1000 3986 vuus
1024 3922 1098 4008 cd.]
1120 3955 1164 3971 -
1179 3921 1252 3996 ἕνας
1270 3941 1311 3984 cx

311 4005 386 4068 Ald.
408 4019 442 4067 et
463 4007 607 4068 Florent.
628 4021 820 4091 receperunt
834 4006 954 4070 Reiskc
974 4023 1008 4071 et
1027 4007 1181 4071 Valckeu.
1207 4005 1310 4082 [Idem

309 4090 465 4239 praebent
493 4101 558 4188 ῑῒξῦ
587 4087 686 4187 miti,
727 4091 838 4190 ἕνανας
877 4093 934 4154 clii
962 4091 1061 4194 cdd.].
1093 4091 1166 4159 ἕνον
1196 4096 1306 4178 vulgo.

340 4173 445 4238 runcis
464 4193 505 4237 ex
525 4193 661 4260 ingemo
683 4173 775 4241 dedu
792 4175 876 4266 ἕναρ.
905 4177 1108 4264 Heaychtust
1139 4176 1229 4265 ἔναρ,
1264 4179 1311 4250 εἰς
