2816 5016
227 468 291 528 ιιι,
383 452 695 516 esorrrror
732 449 1057 510 σιΛυΛΛιοΝ
1092 437 1129 526 r'·

220 629 333 702 Ἐστι
358 624 417 698 sui
443 628 481 696 ἐν
505 623 659 694 κενεοῖσι
684 611 888 714 φιλάμασιι
913 615 1005 692 riddo
1030 619 1167 713 τέρψις.
1237 637 1289 688 no
1363 671 1369 709 ,

231 722 304 802 Τόν
331 730 511 822 στέφανοι
536 720 635 794 citat
656 747 705 813 με
730 721 931 795 sesamino
956 714 1071 792 λεπτοὶ
1104 725 1266 816 coneric,
1356 771 1369 812 ,

231 825 306 904 Τόι
331 857 391 904 τοι
417 819 529 920 dyeia,
554 819 759 921 Ἀμορυλλλ
786 823 895 919 φίλα,
934 829 1073 896 ιιισσοῐο
1102 815 1289 918 φυλάσσοι,
1357 856 1369 918 ,5

227 929 428 1025 Ἐμπλέξας
452 919 641 1000 satiasses
665 927 725 999 οιαὶ
750 923 941 1021 sideman
968 925 1130 1005 σελίνοις.
1359 1012 1370 1024 η

220 1035 278 1108 Ὦ
302 1061 370 1127 μοι
390 1024 472 1126 iyoi,
498 1023 680 1122 riseritis),
705 1029 746 1103 τί
757 1029 779 1103 o‘
795 1023 966 1120 δυ’σσοος,·
993 1022 1293 1119 ου’χύιιαιιούοιςς
1362 1118 1370 1126 ,

230 1130 306 1211 Τοῖυ
331 1134 467 1228 ,iaicas
493 1125 628 1211 oinoddc
653 1127 859 1228 scripura
883 1131 979 1230 equi
1004 1128 1175 1223 οὶλοῦμαι,
1237 1135 1290 1204 25
1363 1189 1371 1230 ,

230 1283 438 1304 m

288 1372 433 1434 ekensrii
447 1373 483 1432 in
539 1371 590 1438 ist,
605 1369 646 1438 td
657 1372 776 1435 Rdver.
790 1393 823 1456 p.
837 1371 950 1437 XXVI
968 1393 1034 1456 sq,
1059 1369 1116 1456 qui
1131 1384 1228 1454 putat
1242 1391 1292 1436 vs.
1367 1437 1371 1450 ,

290 1476 342 1524 20.
365 1479 434 1519 esse
454 1391 613 1539 exeidyll.
631 1475 683 1536 27,
707 1455 737 1520 4.
756 1459 939 1540 repetitum,
964 1471 998 1520 et
1017 1457 1102 1518 inter
1118 1477 1180 1521 ves.
1201 1479 1237 1540 ¹9
1259 1469 1292 1518 et
1371 1450 1372 1474 ¹

290 1561 336 1606 21.
352 1541 452 1603 alium
477 1540 648 1617 excidisse,
672 1541 726 1603 cui
742 1539 922 1604 adsentitur
935 1541 1086 1605 Iioehier.
1100 1563 1130 1624 p.
1150 1561 1199 1622 17.
1213 1541 1290 1623 [Po
1365 1549 1372 1558 '

291 1627 358 1690 tius
381 1647 452 1688 cum
474 1624 725 1688 Finkensteinio
746 1640 780 1687 et
800 1627 964 1688 Maesone
988 1624 1029 1688 sd
1049 1623 1147 1706 Idyli.
1174 1646 1226 1703 27,
1260 1627 1290 1691 4.
1367 1637 1370 1642 “

261 1713 264 1729 ’
291 1731 402 1773 versus
419 1730 471 1778 20.
483 1710 650 1796 proverbii
670 1713 746 1773 loco
760 1722 807 1771 est
822 1709 1007 1786 habendus,
1031 1711 1088 1796 qui
1102 1710 1138 1770 in
1151 1723 1291 1796 vtroqus

292 1793 433 1858 carmine
454 1809 529 1880 apte
549 1795 677 1882 iegitur.
722 1794 806 1880 Quis
829 1809 936 1860 autern
959 1791 1177 1878 exspectabit,
1201 1811 1239 1857 vt
1256 1796 1292 1856 in

289 1881 347 1942 tali
364 1883 515 1958 carmine,
533 1881 569 1941 in
585 1901 651 1964 quo
674 1894 798 1942 amator
812 1877 1093 1944 vehementissimo
1107 1881 1208 1941 enimi
1230 1879 1292 1941 im·
1332 1894 1339 1903 ·
1370 1877 1373 1942 ῗ

291 1981 373 2050 petu
394 1965 544 2050 abreptus
561 1973 835 2048 repraesentatur,
859 1967 967 2028 omnia
984 1965 1048 2040 sic,
1072 1979 1109 2026 vt
1126 1963 1160 2024 in
1175 1965 1290 2027 libello
1369 1959 1374 1994 '¹

237 2069 242 2076 ·
293 2051 484 2128 dialectico,
506 2049 722 2112 cohaereant?
747 2049 810 2195 lig
830 2049 920 2112 Idem
939 2047 1170 2112 Valckenarius
1188 2049 1224 2110 in
1246 2055 1292 2112 al·

292 2149 362 2200 tere
381 2135 540 2211 editione,
557 2136 682 2218 aptius,
707 2134 763 2212 eit,
812 2135 843 2196 ic
859 2158 918 2218 pro
936 2135 1128 2222 sederenius
1142 2133 1293 2198 haereret

294 2217 539 2306 προσσθῦοδιις,
564 2221 592 2281 si
602 2235 705 2282 cetere
718 2241 861 2306 quoque,
876 2221 918 2298 ὥς
931 2219 1092 2304 τυφιλὰσω
1110 2234 1141 2280 et
1157 2242 1204 2280 vs.
1222 2242 1294 2305 seq.
1374 2239 1375 2248 ¹

293 2306 371 2368 hinc
392 2308 555 2383 abessent,
580 2303 621 2368 ad
642 2305 766 2366 hiatum
788 2303 911 2367 codicis
931 2304 1130 2388 implendum
1149 2303 1204 2366 hio
1224 2307 1293 2367 for·
1374 2320 1375 2336 ¹

294 2405 377 2452 tasse
393 2392 507 2474 posita.
550 2391 649 2458 Harl.
671 2391 712 2466 οἷς
732 2417 768 2456 τυ
791 2397 854 2474 φιλ.
877 2391 957 2453 citat
973 2393 1127 2474 Apollon.
1150 2387 1190 2451 de
1207 2392 1292 2472 Syn·
1374 2387 1375 2396 ’

294 2475 363 2536 taxi
379 2497 409 2558 p.
429 2477 499 2544 125.
522 2479 561 2537 In
571 2473 632 2540 Cd.
644 2475 716 2540 Par.
731 2477 921 2560 οισφιλαοοῖ.
942 2472 1193 2538 Brunclr..dedit
1216 2480 1292 2543 ἐπί.

297 2561 415 2622 Iiiessl.
1375 2553 1376 2584 ³

251 2661 303 2713 21.
325 2645 390 2713 κατ’
405 2639 516 2713 crisim
529 2666 589 2730 pro
604 2651 737 2735 vulgato
749 2650 928 2723 ιιαταυτλιια,
952 2645 1043 2733 quod
1055 2645 1293 2722 revocavimus,

287 2731 436 2796 'Bruncln
459 2746 492 2792 et
509 2732 665 2795 Valcken.
689 2733 848 2796 dederunt
876 2757 947 2796 cum
971 2732 1019 2795 cd.
1045 2735 1131 2796 Flor.
1154 2731 1230 2796 Vnt.
1260 2745 1296 2794 et

293 2819 378 2904 Aug.
400 2815 491 2878 Idem
513 2817 616 2880 secuti
637 2817 848 2894 scholiastes,
880 2818 973 2880 cuius
994 2817 1075 2881 hsec
1112 2831 1160 2880 est
1190 2816 1294 2880 inter·

293 2901 453 2986 pretatis,
475 2905 635 2967 antevidet
656 2909 710 2968 ιιαλ
723 2900 900 2990 κατακόψαι
918 2927 958 2984 με
970 2901 1108 2983 ποιήσεις
1128 2907 1173 2978 εἰς
1191 2899 1296 2968 λεπτοὶ

297 2985 352 3053 τόν
372 2985 473 3068 στε’φ.,
496 2985 674 3070 probarunt
695 2987 809 3050 Reisk.
831 3004 865 3050 et
893 2989 1021 3051 Harles.
1045 2986 1202 3050 Heinsius
1234 3009 1295 3048 au·

295 3085 362 3132 tem
390 3092 422 3154 p.
442 3067 516 3152 517.
540 3069 636 3130 verba
663 3071 712 3133 sic
742 3073 931 3158 coniungit:
972 3071 1026 3140 τοι
1058 3076 1142 3155 σοι’φ.
1175 3070 1296 3138 αὐτίκα

295 3151 433 3233 ποιήσεις
441 3179 480 3238 με
494 3156 575 3219 τῖλαι
589 3153 668 3221 sarri
681 3153 786 3222 λεπτά.
829 3161 931 3220 Recte
948 3174 1055 3221 autem
1070 3157 1207 3220 Vossius
1222 3179 1295 3218 mo·

295 3240 390 3316 nuit,
414 3238 479 3303 κατ’
494 3239 667 3322 quominus
684 3265 756 3304 cum
768 3247 850 3310 πῖλοι
864 3242 1055 3328 coniungas,
1080 3241 1207 3305 obstare
1221 3263 1296 3304 ver·

296 3323 548 3400 onerationem,
578 3327 750 3412 quominus
772 3351 844 3391 cum
866 3325 977 3403 λεπτά,
1007 3327 1178 3390 verborum
1204 3325 1296 3390 ordi-

293 3429 378 3474 nem.
423 3408 637 3472 Redeundum
658 3412 827 3496 igiturest
848 3411 888 3473 ad
906 3413 1075 3496 pristinam
1097 3412 1296 3494 scripturam

294 3492 485 3568 ιιαταυτῖιια,
509 3517 589 3580 quse
614 3517 670 3558 cur
692 3519 758 3558 vox
778 3519 846 3560 uon
876 3517 987 3581 graeca
1006 3497 1158 3559 habeatur·
1178 3517 1194 3555 a
1215 3497 1298 3557 var-

295 3577 400 3653 clren„
423 3601 536 3661 parurn
549 3580 708 3666 intelligo,
735 3601 833 3668 quum
849 3580 909 3642 hae
925 3582 1047 3644 Formae
1063 3581 1295 3642 inveniantur:

295 3665 433 3730 καταῦθι
448 3664 578 3750 (odyss.
593 3667 631 3741 X,
655 3665 753 3750 567),
771 3663 944 3734 καταυτόθι
959 3665 1070 3750 (iliad.
1085 3667 1169 3738 XXI,
1189 3663 1295 3748 201.),

293 3752 473 3830 παραυτίκα
501 3765 534 3812 et
549 3755 715 3832 μιταυτλιια
737 3763 778 3826 (ν.
799 3753 903 3814 Stura.
929 3750 969 3812 do
990 3752 1082 3818 Dial.
1104 3747 1235 3812 Maced.
1259 3771 1297 3832 p.

295 3833 393 3915 um.)-
414 3869 457 3882 ··-
478 3833 573 3902 deutri
594 3835 618 3899 i.
633 3862 661 3924 q.
678 3841 722 3915 εἰς
737 3837 832 3905 itura*
845 3840 934 3920 μέρη,
957 3835 1096 3897 Casani).
1112 3835 1154 3896 ad
1168 3831 1299 3900 Athen.
1340 3837 1344 3850 '

296 3940 331 4003 p.
346 3917 476 3981 561..1n
491 3923 637 4005 quinque
655 3922 728 3990 cdd.
746 3938 793 3984 est
810 3924 946 3998 ποηοιῖς.
994 3921 1114 3982 Iir'easl.

253 4020 306 4070 αα.
330 4003 379 4070 25.
401 4006 478 4066 Post
493 4003 638 4090 φυλάσσω
653 4023 807 4070 commate
821 4001 1191 4089 estinterpungendum3
1216 4023 1301 4063 nam

295 4093 413 4157 ιιισσοῖο
437 4105 485 4151 est
506 4094 671 4176 genitivus
691 4091 851 4154 materiae.
896 4090 977 4151 Fuit
996 4093 1121 4151 corolla
1143 4089 1226 4147 facts
1253 4108 1301 4148 ex

294 4173 430 4252 hedera,
453 4175 602 4260 implexis
616 4177 699 4239 rosis
716 4191 749 4239 et
770 4176 853 4260 apio.
867 4174 973 4254 Κάλυξ
987 4173 1075 4237 eninr
1096 4171 1216 4236 eximie
1241 4169 1302 4234 dc.
