2878 5016
268 437 575 521 'annocum-1
603 457 875 522 rnrrmou
908 459 1014 527 κον.
1108 460 1171 544 tos

303 571 306 578 ’
459 627 813 700 cnromcnvs.

110 728 197 795 Talis
213 739 250 794 tn
264 751 409 820 semper,
433 755 508 800 care
523 732 714 812 Aeschines,
735 732 836 813 lenis,
854 734 1049 814 vehemens,

111 831 234 898 Omnia
247 835 362 900 volens
372 857 439 924 pro
454 849 619 925 tempore.
664 836 728 902 Dio
743 847 874 920 tamen,
896 837 976 925 quid
988 835 1096 904 novi?

479 938 790 1006 AESCHINES.

109 1035 263 1126 Argivus,
286 1052 321 1106 et
338 1065 410 1130 ego,
435 1054 470 1108 et
482 1043 663 1108 Thessalos
676 1063 779 1129 eques

109 1141 203 1228 Apis,
226 1157 261 1210 et
282 1145 460 1212 Cleonicus
481 1145 578 1211 miles
597 1145 798 1234 putabamus

109 1243 190 1330 Ruri
207 1248 301 1336 apud
314 1271 379 1316 me.
422 1251 519 1316 Duos
533 1262 758 1314 mactaveram
775 1248 897 1336 pullos,

111 1345 371 1439 liacteutemque
383 1353 585 1444 porcellum,
608 1363 642 1418 et
655 1350 826 1418 Biblinum
840 1353 961 1420 vinum
974 1350 1013 1418 iis
1028 1373 1172 1444 aperue-

688 1475 781 1538 ram,

111 1615 318 1646 m-

171 1713 231 1775 fer.
248 1733 286 1780 vt
302 1715 405 1805 Ἀγις,
427 1721 548 1806 olipa&
576 1718 652 1782 vida
667 1717 833 1804 Spalding.
849 1717 888 1780 ad
904 1719 1047 1803 Quintil.
1059 1723 1097 1781 T.
1112 1670 1172 1788 Ili.

172 1821 203 1944 p.
218 1799 290 1868 485.
314 1809 430 1869 Kicssl.
474 1807 591 1882 „Sitne
612 1805 668 1866 hic
690 1804 865 1868 Cleonicus
879 1805 963 1866 idem
972 1849 984 1878 ,
1007 1805 1099 1866 cuius
1119 1803 1174 1866 flc-

195 1885 268 1948 ilcm
292 1891 417 1953 exitum
445 1890 594 1974 deplorat
622 1889 815 1976 epigramma
836 1890 1009 1964 Theocriti,
1036 1912 1171 1967 nouum,

173 1971 262 2054 quod
278 1996 297 2036 a
312 1977 445 2041 Graevii
460 1977 548 2039 notis
564 1975 605 2038 ad
618 1974 758 2038 Hesiodi
773 1997 869 2058 opera
883 1998 913 2038 v.
923 1973 995 2060 619.
1012 1974 1174 2058 integrum

171 2057 319 2138 reddidi,
341 2061 379 2122 in
394 2061 501 2124 medio
520 2063 681 2144 relinquo.
726 2059 788 2122 Sed
811 2061 880 2122 sine
903 2058 1005 2122 dubio
1023 2059 1106 2120 idern
1125 2073 1175 2119 est

173 2141 359 2221 Cleonicus,
382 2167 478 2231 quem
498 2145 659 2208 Euxithei
675 2142 838 2207 cuiusdam
855 2165 961 2208 amore
976 2160 1104 2226 captum
1121 2165 1175 2204 co·

173 2247 238 2374 {tere
248 2231 542 2376 ponmbesoentm
563 2229 710 2316 deplorat
733 2229 946 2292 Callimachus
966 2229 1078 2314 Epigr.
1096 2227 1174 2294 52.“

218 2339 248 2375 u
270 2360 279 2376 ο

139 2435 185 2504 14.
206 2445 241 2510 s’r
261 2441 370 2530 χώρῳ.
398 2449 434 2507 in
451 2465 515 2507 mm
536 2469 633 2530 agro,
661 2443 762 2519 oilla,
791 2441 929 2516 Reiake,
959 2443 1117 2516 werten,
1143 2453 1176 2502 et

178 2529 286 2613 Toup,
302 2545 388 2591 recte
401 2545 544 2593 tuentur.
576 2532 704 2615 [Χοῖρος
719 2529 868 2592 vniversc
888 2533 981 2610 locus
996 2525 1099 2588 omnis
1114 2538 1173 2600 est,

177 2612 245 2676 sive
269 2615 487 2690 habitationi,
511 2617 581 2677 sive
603 2614 813 2677 oblectationi
838 2625 1061 2682 consecratus,
1084 2623 1176 2670 extra

177 2699 305 2776 vrbem,
329 2701 407 2763 ruri.
438 2725 469 2762 v.
483 2700 615 2764 Ernesti
638 2699 678 2760 ad
693 2699 818 2762 Gallim.
837 2699 881 2760 H.
896 2697 932 2756 in
955 2695 1061 2757 Ccrer.
1078 2715 1109 2754 v.
1124 2693 1174 2758 50.

177 2785 283 2868 Toup.
295 2785 484 2848 inAddend.
498 2800 531 2847 et
540 2783 694 2849 Schneid.
714 2784 747 2843 in
763 2781 940 2848 lax.s.h.v.
955 2781 1008 2862 K.]
1026 2782 1059 2844 dv
1076 2774 1176 2862 χόρτῳ

179 2871 313 2955 corrigit
327 2872 371 2931 D.
379 2871 536 2932 Heinsius
552 2867 633 2958 (vid.
648 2869 690 2931 ad
704 2870 762 2931 Sil.
778 2868 851 2929 Ital.
864 2868 937 2929 XV.
955 2886 1001 2951 19.
1018 2863 1090 2924 add.
1106 2865 1176 2924 Pal·

177 2977 265 3017 mer.
283 2955 427 3017 Exercit.
450 2977 481 3038 p.
502 2953 607 3034 doh).
652 2961 685 3024 ἕο
713 2950 798 3042 χώρᾳ
829 2950 957 3037 quidam
979 2948 1049 3010 cdd.
1078 2949 1179 3009 Harl.

177 3043 321 3119 Νεοσσοί,
343 3040 375 3102 h.
389 3045 412 3102 l.
419 3047 523 3124 junge
538 3042 682 3104 Hrihncr.
706 3039 919 3109 Koroudmsav
933 3034 1037 3096 hacin
1053 3055 1087 3095 re
1102 3053 1177 3116 pro·

178 3126 284 3211 prium
309 3147 376 3187 csse
397 3125 531 3188 verbum
556 3125 652 3188 docet
679 3131 771 3188 locus
796 3147 837 3186 ex
854 3123 1021 3184 Athenaeo
1045 3119 1120 3179 ΧΗ.
1144 3138 1177 3200 p.

179 3209 252 3274 532.
276 3233 294 3271 a
319 3211 452 3294 Toupio
474 3211 601 3275 citatus.
645 3212 733 3275 Nos:
770 3211 824 3271 ich
844 3211 964 3271 achnilt
984 3209 1062 3266 swsi
1074 3208 1181 3286 junge

179 3295 315 3358 Hz'ilrner
331 3296 382 3356 ab.
424 3299 543 3358 Kissal.
718 3291 722 3298 ’

145 3439 190 3505 15.
211 3435 423 3520 dulciarium,
444 3439 533 3524 quod
547 3443 806 3525 prohatValolt.,
830 3441 974 3503 dedimus
990 3461 1061 3499 cum
1075 3439 1181 3500 Brun·

183 3527 268 3589 chio.
299 3525 438 3588 Porcelii
452 3531 607 3588 lactentes
622 3529 657 3588 in
673 3528 799 3591 deliciis
815 3526 1021 3588 habebantur.
1043 3547 1075 3585 v.
1091 3526 1180 3584 Lon·

183 3613 216 3697 gi
230 3615 352 3673 Pastor.
369 3613 424 3676 IV.
437 3632 506 3694 cap.
524 3633 571 3698 ¹9·
583 3631 618 3695 p.
628 3613 700 3698 ipa.
714 3613 837 3675 Boden.
853 3611 910 3674 vbi
926 3615 1023 3696 χοῖροι
1038 3617 1182 3692 γαλαθη-

181 3702 229 3764 rol
241 3711 467 3758 memorantur.
490 3729 532 3744 -
555 3699 618 3758 Pro
632 3704 764 3784 vulgato
777 3695 923 3782 βύβλινον
937 3718 1009 3756 cum
1022 3693 1180 3755 Valckan.

183 3796 215 3843 ct
229 3781 372 3842 Brunclr.
387 3781 570 3862 scripsimus
584 3789 741 3866 Βίβλινον,
764 3782 852 3869 quod
866 3781 952 3843 idem
968 3781 1095 3862 aliquot
1110 3775 1181 3838 cdd.

186 3865 350 3927 exhibent.
395 3870 528 3948 Βιβλίνη
544 3882 593 3928 est
612 3890 730 3930 nomen
746 3868 888 3954 regionis
904 3865 1072 3936 Thraciae,
1096 3859 1183 3922 vnde

184 3951 387 4024 buccinum,
409 3968 445 4012 vt
460 3950 556 4012 docet
569 3953 759 4016 Holuenius
774 3952 815 4013 ad
830 3951 980 4034 Stephon.
994 3949 1073 4030 Byr..
1091 3946 1183 4006 cuius

186 4050 295 4098 notam
317 4035 451 4119 repetiit
472 4037 617 4116 Clericus
642 4036 681 4098 ad
697 4037 832 4100 Hesiod.
848 4039 889 4100 Ο.
904 4051 936 4098 et
952 4038 996 4096 D.
1010 4033 1082 4116 589.
1127 4029 1183 4088 Vi·

187 4139 263 4182 num
278 4119 464 4196 Thracium,
488 4136 523 4181 vt
538 4143 648 4198 suave,
671 4137 780 4199 tenue,
804 4143 863 4184 nec
881 4137 987 4182 tamen
1001 4119 1098 4180 facilc
1114 4115 1183 4172 ine·

187 4204 308 4284 brians,
332 4205 420 4290 apud
433 4221 557 4270 veteres
574 4207 610 4270 in
626 4229 743 4296 magno
755 4208 824 4272 tuit
837 4207 973 4272 honora.
1015 4202 1134 4265 Kiassl.
