2872 5018
263 477 566 602 Theocritus
595 481 871 548 IDYLL'ION
905 485 1014 552 v111.
1101 489 1161 554 sdt

182 643 383 732 ,Iudaeum
404 671 425 714 o
439 648 515 716 simi
526 651 646 732 hoedi,
668 651 737 719 huc
753 651 796 718 sd
809 653 935 722 andam
950 653 1122 732 anstites·
1153 649 1156 656 Δ

115 851 319 872 ᾖ

221 985 236 994 “’
276 973 307 1030 ὒν
321 972 395 1060 cipp
412 975 465 1068 ptdp
481 975 561 1050 triss-
580 977 631 1048 l's',
650 975 673 1036 ὦ
683 979 775 1065 plius,
792 984 889 1070 alenus
902 978 926 1036 δ’
938 977 1016 1049 siri,
1072 1049 1075 1058 A

345 1063 382 1102 sss
395 1050 501 1134 Φοιρος
513 1053 646 1117 ποίμνας,
666 1059 711 1104 sssl
724 1055 790 1108 daos
800 1071 852 1112 ων,
867 1069 969 1130 estpars.

150 1136 154 1148 ·
189 1115 268 1184 Asp.
305 1115 394 1178 Teios
407 1115 476 1186 pli,
494 1116 628 1238 opressit
644 1115 771 1207 depuduit
785 1115 876 1183 πόσις,
895 1133 916 1172 us
932 1111 1101 1191 picardiae

490 1177 502 1204 2
652 1187 661 1199 ⁸
906 1186 912 1204 s

278 1249 308 1306 ist
322 1187 463 1336 amirado,
471 1183 827 1338 thudinid'iuidshisiasih‘l
839 1187 992 1328 diffidi&

354 1337 390 1378 us
403 1323 532 1390 Hpmscc
545 1321 647 1394 puras,
665 1329 710 1380 ssi
722 1321 791 1380 &sis
805 1321 858 1390 dv,
874 1326 978 1393 Ινιμυ.

181 1409 422 1480 It's'clsstadts'us,
454 1409 510 1495 qui
534 1429 600 1492 cap.
623 1412 679 1472 1v.
698 1408 738 1470 de
757 1410 908 1474 hocloco
924 1410 1168 1496 diligentissime
1282 1435 1285 1442 ·

182 1507 212 1553 et
225 1493 456 1580 elegantissime
472 1492 632 1576 disputat,
657 1517 729 1555 cum
745 1515 864 1556 summa
879 1495 1169 1579 probabilitateali·

182 1591 258 1662 quot
279 1598 391 1640 versus
412 1578 459 1638 sic
475 1579 674 1660 transponit,
704 1592 740 1638 vt
754 1580 879 1664 legibus
898 1580 1046 1640 carminis
1063 1601 1167 1642 amoe-

182 1663 252 1724 baei
264 1669 359 1748 plane
377 1661 521 1723 satisfiat.
550 1663 713 1723 Nimirum
729 1665 898 1726 Menalcae
919 1663 1034 1726 tribuit
1047 1687 1099 1726 rr.
1110 1663 1166 1748 65.

181 1745 230 1812 46.
263 1747 314 1812 45.
337 1747 389 1810 44.
414 1761 481 1808 tum
503 1746 675 1830 Daphnidi
696 1769 749 1809 vv.
774 1748 826 1812 41.
841 1750 893 1814 42·
910 1747 962 1834 47.
975 1747 1026 1812 48.
1042 1751 1192 1813 Menalo.

185 1853 237 1893 cae
256 1853 308 1894 tv.
328 1831 379 1910 57.
399 1829 451 1920 bii.
471 1831 522 1920 59.
543 1831 595 1895 60.
637 1830 810 1915 Daphnidi
831 1855 882 1896 vv.
906 1831 958 1920 49.
973 1833 1025 1898 5ο.
1045 1834 1096 1898 5ι.
1113 1832 1166 1897 52.

181 1917 345 1978 Menalcae
360 1937 411 1976 vv.
432 1913 484 1978 55.
508 1915 557 1980 54.
576 1913 627 1980 55.
641 1917 692 1981 56.
736 1919 813 1979 Post
832 1918 919 1980 hunc
933 1939 1058 1980 versum
1074 1933 1168 1980 tetra-

181 2001 325 2076 stichon,
355 2023 419 2084 quo
435 2000 587 2083 Daphnis
609 2003 828 2086 responderit,
861 2017 991 2064 etextu
1011 2002 1169 2064 excidisse

178 2101 291 2146 censet.
337 2085 457 2146 Contra
489 2087 740 2165 Werrssdofins,
781 2087 867 2150 nihil
891 2087 944 2148 hic
965 2086 1168 2148 librariorum

182 2175 274 2254 culpa
289 2168 449 2232 excidisse
472 2184 607 2254 putans,
630 2172 818 2256 Daphnidis
830 2173 996 2235 silentium
1018 2172 1117 2232 refert
1129 2170 1169 2232 ad

180 2255 368 2340 exquisitam
391 2255 467 2315 artis
489 2256 697 2354 elegantiam,
728 2279 790 2343 qua
804 2277 907 2319 mores
928 2269 1114 2340 pastorum,
1132 2255 1166 2315 in

179 2339 370 2400 carminibus
390 2337 568 2401 amosbsers
589 2341 800 2417 certantium,
830 2354 988 2428 quatenus
1015 2340 1041 2400 ii
1062 2344 1168 2401 valere

111 2441 113 2446 '
177 2439 315 2506 possunt
331 2423 371 2486 ad
388 2425 532 2486 favorem
547 2423 667 2486 iudicis
689 2427 723 2486 in
744 2432 925 2496 alterutram
939 2439 1059 2509 partem
1076 2425 1169 2486 incli-

109 2513 113 2530 '
178 2507 336 2586 nandum,
375 2524 487 2571 notare
515 2523 548 2570 et
569 2509 726 2596 insignire
749 2517 855 2572 solent
877 2525 993 2594 poetae
1014 2509 1168 2572 bucolici.

108 2595 111 2606 '
179 2587 342 2655 Nimirum
365 2593 526 2654 amoribus
548 2595 615 2654 cuis
628 2595 813 2680 intelligens
828 2597 996 2656 Menalcas
1008 2593 1167 2676 Daphnin

106 2677 112 2702 ·’
180 2699 344 2762 opponere
371 2697 458 2739 suam
488 2701 560 2740 cum
596 2679 725 2740 Milone
755 2679 932 2739 amicitiem
955 2693 988 2739 et
1011 2679 1117 2737 intimi
1134 2677 1168 2738 iu

106 2767 113 2774 '
179 2763 281 2846 ipsum
307 2762 423 2824 amoris
444 2763 616 2838 affectum,
654 2763 744 2849 quasi
764 2763 951 2846 suspicans,
981 2763 1043 2823 iam
1064 2762 1169 2823 minus

177 2867 228 2924 se,
260 2868 355 2930 quam
379 2847 556 2931 Daphnin,
586 2847 716 2930 probari
737 2845 860 2908 Miloni
884 2845 1022 2921 arbitro,
1054 2846 1193 2907 amoris.

104 2951 112 2962 ·
180 2933 229 2991 sui
252 2947 372 2994 aestum
392 2953 462 2994 cunr
487 2933 640 2995 iuvenilis
662 2933 776 2994 aetatis
798 2931 940 3008 lubrico,
977 2945 1044 3000 tum
1067 2931 1170 3012 ipsius

176 3016 265 3079 Iocis
275 3023 423 3102 exemplo
432 3031 563 3079 excusat
576 3022 622 3098 (v.
639 3020 677 3096 57
690 3053 734 3067 ·-
746 3016 823 3101 bo).
837 3015 965 3102 Quibus
980 3037 1051 3077 cum
1063 3015 1169 3076 simile

102 3128 107 3142 ·
180 3101 301 3186 aliquid
333 3123 490 3187 reponere
519 3101 632 3165 debeat
655 3103 827 3186 Daphnist
869 3099 909 3164 do
943 3101 1009 3163 suis
1044 3099 1170 3162 scilicet

181 3187 359 3262 amoribus,
394 3187 534 3248 haesitat
556 3207 726 3270 parumper
752 3187 938 3248 sdolescens
958 3181 1176 3267 pudibundus·

182 3285 214 3332 et
226 3272 407 3348 obticescit,
430 3272 524 3356 quasi
538 3291 603 3332 non
616 3269 833 3357 habensquod
848 3269 960 3333 reddat
973 3284 1169 3354 opportune,

181 3370 235 3416 aut
255 3359 367 3440 eloqui
389 3354 619 3418 verecundans.
663 3360 777 3439 ltaque
795 3355 917 3417 victum
938 3379 956 3417 a
977 3376 1010 3416 se
1034 3351 1171 3416 deiicere

183 3455 297 3523 putans
310 3444 492 3517 Menalcas,
514 3455 550 3502 rt
573 3456 623 3502 est
641 3441 758 3504 elatior
778 3454 812 3501 et
831 3439 1044 3524 impotentior
1057 3435 1169 3512 animi,

185 3543 248 3585 uon
267 3527 416 3588 continet
432 3547 518 3601 sese,
542 3545 607 3608 quo
623 3523 901 3588 minusaudacius
918 3524 1013 3586 etiarn
1029 3543 1117 3586 novo
1132 3520 1173 3580 il·

179 3613 244 3670 lum
257 3623 367 3687 cantu,
400 3629 503 3696 eoque
521 3609 720 3686 hexametro,
744 3621 900 3693 provocet
919 3608 963 3695 (v.
980 3607 1020 3674 65
1033 3641 1078 3672 -ε-
1093 3611 1169 3686 pm),

181 3697 275 3776 plane
294 3715 328 3755 se
348 3699 442 3756 talem
462 3694 634 3777 praebens,
660 3701 785 3780 qualem
807 3693 981 3755 iactarerat
994 3715 1026 3756 v.
1042 3715 1071 3768 7.
1090 3695 1172 3776 φαμὶ

183 3775 217 3842 ni
232 3785 386 3856 essentis,
408 3781 502 3845 docos
521 3783 604 3846 θέλω
619 3775 728 3858 αὐτός,
757 3777 876 3845 nitidus.
922 3779 1064 3840 Collecta
1086 3777 1171 3836 into·

182 3863 238 3946 rim
267 3864 303 3924 vi
320 3863 420 3924 animi
440 3863 592 3946 Daphnis
619 3879 694 3947 post
715 3865 881 3924 Menalcae
905 3877 1034 3924 cantum
1054 3861 1171 3942 etipse

184 3945 243 4006 ism
259 3947 455 4010 hexametris
469 3948 609 4010 decurrit
627 3949 671 4034 (v.
687 3969 724 4031 72
738 3981 779 3996 -
789 3943 863 4032 80.).
884 3947 934 4008 Ibi
954 3967 1031 4006 vero
1046 3939 1172 4006 silentii

184 4051 275 4094 causa
289 4031 377 4094 haud
394 4033 532 4096 obscuro
546 4031 671 4094 indicio
685 4045 822 4094 tenetur.
845 4033 979 4092 Fatetur
995 4028 1081 4090 enirn
1101 4049 1172 4087 cum

96 4145 101 4152 ·
182 4112 398 4180 decentissimi
418 4117 658 4203 significatione
679 4115 830 4200 pudoris,
860 4136 893 4177 se
914 4129 947 4175 et
964 4114 1068 4196 ipsum
1082 4132 1100 4203 ρ
1115 4132 1173 4192 pu·
1207 4118 1211 4128 '

95 4211 99 4222 '
151 4233 157 4242 ·
183 4203 242 4262 ella
265 4201 402 4286 quadam
425 4203 567 4266 tomos·
589 4201 768 4286 appetitum
790 4222 856 4262 esse
870 4196 1055 4282 nuperrime
1077 4209 1174 4276 atquc
