2872 5018
275 489 339 540 ιιι
447 443 762 537 arorrrror
787 463 1106 530 σιΛνΑΛιοΝ
1130 449 1177 536 r:

274 647 338 722 Ἡ
347 640 445 741 uerri
462 649 571 718 δαῖτα
586 631 712 736 alaprie
730 633 887 729 ἐσιίνεαι
896 664 909 726 ,·
934 633 1071 731 ἧτινος
1087 631 1208 710 dorsis
1301 675 1306 682 ·

280 744 409 824 Λανίν
426 738 681 841 irrepsisset,-
706 739 751 821 νίς
768 739 834 812 σεῦ
848 738 934 810 ποσί
945 739 1177 830 νισσομένοιο
1287 741 1338 812 25

283 855 394 926 Haisa
409 851 511 928 λίθος
527 845 702 918 πταίοισσι
722 839 802 916 ποτ’
820 838 1074 936 &pontiseram
1090 838 1215 916 ἀείδει.

286 959 321 1029 Τ
318 950 360 1029 δν
376 951 404 1026 d
422 945 489 1046 iyoi
505 947 705 1044 α’μείφθην·
720 944 864 1020 Asside
881 944 961 1038 φίλι
969 998 983 1031 ,
1010 945 1122 1038 φαντί
1140 939 1187 1016 τί
1202 939 1339 1027 πάντες

171 1141 176 1146 ,
275 1058 421 1150 Ἐμμον
438 1045 611 1150 σοριιιτιίν
626 1045 703 1143 μέγ’
719 1048 914 1144 ὑπείροχον
932 1048 970 1120 ἕν
987 1074 1027 1119 τι
1044 1049 1232 1138 νομεῦσιν,

277 1161 346 1234 Ἑν
360 1155 392 1229 τ’
408 1149 641 1254 ἀμητήρσσσι·
668 1143 714 1226 τό
729 1143 888 1248 diutile
900 1143 1025 1242 θομόν
1041 1150 1152 1222 ἰαίνει

279 1259 493 1358 ‘Arsinoes‘
552 1253 614 1330 ναί
647 1281 723 1344 τοι,
757 1248 834 1328 κατ’
869 1246 959 1344 ἐμίν
1000 1247 1110 1342 νόον,
1162 1252 1343 1350 ἰσοφαρί-

861 1359 946 1428 oder
1290 1358 1343 1426 30

276 1531 485 1546 m

343 1634 381 1680 vt
401 1618 591 1680 Aristoteles
615 1615 746 1688 scribit,
781 1619 935 1688 cristam,
970 1612 1110 1692 habant,
1142 1611 1297 1676 dicuntur
1321 1638 1341 1675 a

343 1701 522 1766 Theocrito
539 1705 764 1783 ι’πιτυμβίδισι,
797 1698 965 1761 aLstinis
987 1714 1094 1760 autem
1113 1703 1271 1781 galeritus
1277 1745 1289 1772 ,
1320 1723 1339 1759 a

344 1790 445 1874 galeri
459 1785 692 1863 similitudine,
725 1801 758 1848 et
779 1790 937 1857 castitas,
974 1805 992 1844 a
1014 1783 1145 1846 cassidis
1167 1783 1284 1866 specie.
1305 1807 1339 1846 v.

343 1874 433 1936 Porti
447 1875 529 1934 Lex.
550 1870 619 1934 dor.
642 1871 674 1932 h.
688 1893 720 1938 r.
735 1869 890 1933 Valckan.
911 1870 946 1928 in
962 1867 1112 1930 Animsd.
1134 1868 1174 1932 sd
1188 1859 1339 1931 Ammbn.

343 1958 385 2024 ΙΙ.
407 1979 435 2020 ο.
454 1976 503 2020 12.
528 1978 561 2040 p.
581 1953 648 2021 128.
671 1977 718 2038 sq.
742 1953 827 2016 stsd
847 1967 993 2016 nostrum
1009 1959 1118 2015 locum
1139 1953 1341 2016 Kochlerum

342 2065 374 2127 p.
395 2061 446 2128 29.
469 2063 515 2126 sq.
538 2040 596 2124 qui
619 2041 779 2124 insignem
800 2043 909 2101 locum
929 2038 1046 2100 Geloni
1067 2037 1122 2122 (ex
1138 2038 1195 2098 lib.
1217 2039 1276 2100 XI.
1300 2038 1342 2099 de

346 2130 452 2209 simpl.
466 2125 630 2191 medicam.
645 2129 737 2186 Tom.
750 2125 790 2186 ll.
806 2123 893 2206 Opp.
915 2146 947 2207 p.
966 2125 1034 2209 149.
1060 2121 1109 2184 ed.
1125 2125 1213 2196 Bas.)
1227 2123 1273 2184 ad·
1283 2146 1341 2185 ex·

341 2211 528 2297 plicsndum
536 2210 728 2272 vocabulum
744 2224 777 2271 et
788 2229 913 2270 versum
921 2223 1066 2269 nostrum
1080 2207 1172 2268 valde
1182 2207 1340 2271 idoneum

340 2298 485 2382 profert,
518 2317 559 2357 ex
580 2317 645 2380 quo
659 2292 744 2356 idem
760 2293 848 2354 hunc
866 2293 1095 2356 Theocriteum
1116 2293 1162 2353 ita
1183 2294 1339 2378 corrigit:

341 2379 403 2450 οὐδ’
430 2383 643 2462 ἕσινυμβίδιοι
668 2381 880 2464 νορυδαλλίδες
916 2376 1080 2455 silebam.
1110 2377 1344 2462 [ἐπιιιιμβίῦιοι

331 2467 437 2528 ‘etism
452 2470 559 2548 plures
568 2463 733 2526 Theocriti
747 2462 818 2526 cdd.
834 2477 867 2526 et
885 2463 964 2526 edit.
980 2464 1067 2525 lunt.
1082 2463 1154 2546 K.].
1168 2465 1309 2547 Duplici
1322 2473 1342 2531 l.

342 2551 454 2614 vocab.
474 2555 613 2632 νορσδαλ.
636 2549 788 2612 scribitur
807 2548 841 2608 in
864 2548 936 2613 edd.
950 2548 1079 2632 priscis,
1102 2550 1180 2610 item
1194 2551 1338 2626 Ilcislsii,

342 2636 456 2702 vuclc
472 2651 505 2698 et
517 2634 691 2711 Brunclrii,
715 2633 857 2718 simplici
872 2634 908 2696 in
931 2631 1001 2696 cdd.
1017 2633 1100 2719 Aug.
1116 2633 1234 2696 Schell.
1250 2637 1337 2710 aliis,

341 2721 414 2786 edd.
437 2719 548 2820 Steph.
566 2735 598 2782 at
619 2721 783 2782 Wartoni.
800 2717 1032 2796 -ἤλαίνοντοι
1056 2717 1108 2806 (sb
1136 2721 1200 2786 ailo
1210 2771 1222 2800 ,
1253 2721 1340 2782 vnde

340 2831 407 2870 vox
422 2805 601 2889 Eurrpidea
621 2802 753 2881 οίίοιίνιο,
781 2828 813 2868 v.
829 2804 941 2868 Valck.
957 2803 998 2864 ad
1021 2804 1187 2867 Phoeniss.
1210 2827 1244 2886 p.
1264 2805 1340 2889 578.

340 2893 495 2966 diuisus,
516 2889 652 2972 Cyelop.
669 2887 732 2974 79.)
748 2903 856 2950 errarat
863 2935 874 2962 ,
896 2903 1076 2971 vagantur,
1099 2889 1211 2953 vocab.
1228 2891 1339 2952 Theo·

342 2978 477 3044 criteum
493 2995 571 3048 esse,
595 2974 710 3035 statuit
722 2975 837 3036 Portus
852 2975 886 3036 in
902 2977 984 3040 Lex.
997 2977 1081 3038 Dor.
1098 2973 1131 3036 h.
1146 2999 1178 3039 v.
1191 2975 1341 3036 Kochle-

341 3081 394 3120 rus
408 3081 486 3123 vero
500 3057 644 3132 dubitet,
668 3079 708 3118 sn
725 3056 910 3136 ἤλαίνισθοι
923 3059 1009 3143 apud
1028 3060 1128 3122 alium
1144 3060 1339 3164 scriptorem

340 3149 476 3230 legatur.
497 3142 576 3204 hinc
594 3163 635 3204 ex
649 3143 774 3205 Galeno
797 3143 867 3222 (vbi
885 3158 1036 3224 corrupte
1056 3145 1176 3225 legitur
1196 3172 1215 3222 η
1232 3141 1342 3212 λνίίνίν

287 3285 291 3294 .
339 3235 404 3310 τι),
434 3249 475 3290 ex
496 3233 570 3288 loco
592 3232 745 3308 parallelo
763 3227 954 3292 Callimachi
973 3231 1017 3292 H.
1041 3229 1077 3290 iu
1090 3229 1192 3290 Dian.
1211 3252 1243 3292 v.
1265 3231 1339 3294 251.

285 3357 294 3364 u
340 3315 396 3376 vbi
410 3311 485 3374 vide
500 3311 642 3386 Ernesti,
667 3335 708 3376 ex
725 3311 904 3376 Scholiaste
923 3328 955 3378 et
971 3313 1051 3376 edit.
1067 3315 1211 3376 Floreat.
1229 3337 1339 3376 emen·

340 3395 570 3474 detriialvcm.
597 3397 751 3459 Fsbulam
766 3397 864 3460 huius
880 3399 947 3460 svis
964 3413 1091 3462 enarrat
1102 3399 1265 3469 Antonin.
1280 3401 1341 3462 Li·

263 3509 265 3516 ·
287 3525 290 3532 -
339 3483 437 3546 beral.
457 3503 492 3544 ea
518 3526 526 3542 .
548 3481 622 3544 VII.
641 3505 673 3565 p.
693 3487 743 3546 51.
767 3505 833 3568 sqq.
859 3483 908 3546 ed.
927 3481 1091 3566 Vcrheylr.
1109 3481 1165 3546 vbi
1181 3507 1213 3548 v.
1229 3487 1343 3546 Mun-

340 3567 406 3630 ker.
421 3505 518 3643 (Adi.
532 3565 632 3628 Beck.
648 3566 687 3628 ad
703 3567 868 3649 Aristoph.
885 3569 946 3630 Ar.
957 3567 1029 3640 427.
1042 3572 1135 3630 Tom.
1154 3570 1194 3632 V.
1211 3571 1342 3653 pisto.)

339 3655 456 3794 Harl-b
469 3685 521 3718 —r
549 3657 651 3736 ιιοροδ.
686 3653 954 3726 Hc'iubellerclren,
999 3654 1142 3722 alaudas
1169 3659 1340 3716 cristatae.

342 3739 439 3798 Sclrre
458 3757 498 3796 er.

297 3839 348 3906 25.
372 3835 422 3902 26·
443 3861 564 3921 νιοσομ.
581 3845 688 3923 plures
705 3837 797 3901 codd.
813 3838 884 3901 add.
904 3839 1007 3922 princ.
1023 3839 1155 3915 Reialte,
1179 3841 1339 3919 Bruuclc,

340 3922 500 3989 Schasfcr.
530 3925 575 3985 At
597 3950 729 4008 νεισσομ.
763 3925 844 3986 Call.
865 3923 1020 3988 Valcken.
1051 3925 1197 4009 Vtroque
1221 3927 1338 4004 modo,
1381 3940 1386 3949 '

338 4023 371 4072 et
391 4011 572 4074 νείσσεσθοιι
590 4025 622 4070 ct
641 4015 813 4075 νίσσεσθαι
832 4007 945 4084 scribi,
976 4010 1106 4070 monuit
1129 4011 1216 4092 [post
1237 4011 1341 4074 Bent-

334 4095 435 4158 leium
449 4091 488 4154 ad
500 4095 613 4156 Horat.
629 4093 691 4156 Od.
706 4093 737 4170 l,
761 4093 860 4154 XXV.
877 4114 905 4172 7.
928 4091 990 4178 lt]
1007 4093 1250 4171 Valckenarius,
1282 4096 1342 4181 qui
1421 4156 1427 4166 ,

334 4183 441 4244 lotum
456 4195 600 4242 nostrum
617 4195 684 4240 tum
699 4199 717 4240 e
731 4177 805 4238 crisi
821 4176 968 4253 Reiskii,
997 4201 1068 4241 cum
1084 4179 1339 4244 Hemsterhusio
