2816 5016
257 455 568 582 rnaocltp‘rt
602 453 871 520 IDYLLION
903 456 968 532 1v.
1086 465 1147 538 241

481 620 750 694 CORYDON.

85 735 189 809 vero.
213 729 456 822 unguibusque
468 749 543 794 eam
557 738 674 794 teneo:
697 750 740 792 en
756 737 787 792 et
802 726 928 816 ipram!
952 787 956 795 ,

406 835 409 845 ’
503 828 727 898 Barrus.

87 937 200 1027 Quam
219 934 367 1028 exiguus
380 933 466 1002 intua
481 944 647 1020 quantum
661 932 774 998 virum
790 933 984 1022 perdomat!

483 1034 751 1106 CORYDON.

86 1144 121 1208 In
135 1131 295 1210 montem
310 1163 420 1230 qunm
435 1138 525 1224 abia,
547 1137 618 1206 noli
631 1135 848 1206 discalceatus
862 1138 930 1218 ire,
951 1141 1066 1210 Battel

88 1247 123 1312 lo
143 1257 264 1314 monte
288 1245 380 1312 enirn
395 1240 533 1310 rhamni
548 1254 583 1306 et
596 1237 744 1328 genistae
755 1238 878 1308 virent.
989 1329 993 1336 ι

503 1337 727 1410 BATTVS.

92 1452 149 1518 Dio
160 1471 226 1539 age
239 1415 347 1530 mihi.
369 1468 390 1510 ο
406 1443 583 1534 Corydon,
607 1443 738 1510 senecio
754 1441 811 1510 ille
833 1465 916 1510 num
932 1445 1041 1516 adhuc
1056 1448 1156 1520 molit

91 1553 169 1620 Illud
181 1551 285 1641 nigro
302 1548 483 1642 supercilio
497 1547 699 1632 aoortillum,
720 1543 814 1634 quod
825 1546 907 1614 olim
922 1546 1121 1641 deperibat?

150 1847 196 1862 -
216 1809 348 1896 prlpoor,
370 1807 568 1888 ἅσπᾶλαθω,
596 1811 731 1876 frutices
753 1811 897 1896 spinosi,
922 1812 1052 1898 quinam
1074 1815 1153 1889 rint,

151 1896 284 1960 definiri
306 1898 363 1964 vix
386 1911 505 1979 potest.
550 1895 713 1960 Videntur
734 1897 821 1960 inter
839 1896 1023 1974 Rhamnes,
1054 1899 1154 1961 Geni·

152 1998 236 2060 atae,
262 1980 501 2066 Tragacanthaa
523 1997 556 2046 et
579 1979 689 2046 affinea
714 1987 859 2066 plantae,
890 2003 1023 2081 quarum
1044 1988 1155 2067 plurer

151 2067 409 2130 Tournefortiue
433 2067 470 2128 in
490 2067 610 2131 itinere
633 2065 785 2129 orientali
801 2083 946 2150 repent,
969 2069 1071 2152 magis
1094 2069 1155 2131 mi·

154 2173 258 2214 unave
278 2152 445 2234 spinosae,
470 2149 679 2236 quaerendae.
723 2151 814 2213 Male
834 2151 992 2235 interpret
1006 2153 1105 2216 rubor
1122 2167 1157 2216 et

155 2235 297 2299 tribulor
318 2257 360 2298 ex
389 2235 440 2298 hir
465 2235 603 2302 effinxit.
639 2235 799 2304 Schrader.
850 2239 905 2300 De
928 2238 1100 2318 aepulatlto
1123 2253 1157 2301 et

154 2323 289 2382 rhamno
305 2343 337 2382 r.
353 2321 520 2409 Sprengel.
536 2319 613 2384 hiat.
632 2321 680 2382 rei
696 2320 785 2388 herb.
800 2323 827 2386 Ι.
840 2343 872 2404 p.
887 2319 940 2387 45.
959 2321 1028 2396 185·
1074 2321 1156 2390 cod.

152 2407 255 2470 Paria.
283 2403 426 2498 optimae
447 2422 545 2472 notae
564 2409 738 2490 attrebatae,
759 2428 854 2491 aupra
875 2407 995 2491 scripta
1012 2407 1157 2472 lectione

151 2490 317 2578 κομόωντι.
361 2493 480 2556 Kioaal.

116 2617 164 2686 58.
186 2619 229 2702 μ’,
251 2615 279 2684 al
294 2615 406 2706 Kopaid.
429 2639 471 2680 ex
486 2617 568 2682 edd.
586 2617 759 2706 legendum
778 2639 839 2701 pro
857 2623 992 2704 vulgato
1009 2643 1063 2702 μοι
1080 2629 1156 2704 Koa.

142 2703 285 2778 ,monuit
299 2703 445 2765 Dorvill.
462 2703 497 2764 in
515 2705 638 2769 Charit.
651 2725 684 2788 p.
694 2704 769 2769 414.
784 2729 827 2760 =
840 2703 932 2780 452,
956 2702 1105 2788 idemque
1123 2705 1158 2765 in

157 2789 263 2852 tribua
273 2785 346 2850 edd.
355 2787 507 2856 Vatican.
516 2790 686 2853 inventum
695 2801 887 2871 receperunt
895 2787 1006 2850 Valclt
1016 2787 1159 2854 Brunck.

158 2889 192 2936 et
206 2872 412 2939 reeentiorer.
453 2874 509 2936 De
530 2875 608 2936 elisa
630 2871 838 2956 diphthongo
853 2897 883 2938 οι
898 2873 939 2934 cf.
956 2873 1106 2956 Spitzner
1122 2873 1160 2936 in
1241 2887 1249 2912 ‘

158 2959 242 3022 libro
256 2963 280 3021 l.
295 2980 327 3043 p.
346 2957 417 3022 166.
438 2955 580 3027 Melum
592 2981 634 3022 ex
654 2958 718 3020 hoc
734 2979 830 3020 versu
851 2957 942 3019 affert
956 2972 989 3020 et
1002 2959 1160 3041 interpre-

160 3059 246 3106 tatur
267 3043 462 3106 Euatathina
485 3043 524 3106 ad
542 3041 660 3128 Odyra.
676 3069 704 3110 υ.
719 3066 752 3126 p.
771 3039 863 3120 1835,
887 3061 939 3105 aa.
952 3069 997 3100 =
1010 3041 1082 3126 724,
1107 3040 1161 3108 45.

153 3129 246 3206 Ἴσως
260 3133 295 3195 dd
310 3132 344 3194 ἐκ
355 3127 452 3213 μύλης
471 3126 494 3220 ᾖ
506 3127 667 3212 ὁμώνυμος
681 3135 734 3196 aul
752 3127 774 3207 η’
786 3126 866 3194 autel
878 3125 950 3205 roric
965 3125 1094 3206 ὀδόντας
1109 3132 1162 3195 aul

160 3212 201 3360 ap*
216 3214 344 3361 μύἑλειν
366 3212 454 3300 παραὶ
478 3221 633 3302 Θεοκρίτῳ
653 3217 766 3304 ἐλέχθη
787 3217 840 3281 e'rrl
859 3220 970 3302 μίξεως
986 3213 1022 3282 oti
1037 3213 1160 3302 σεμνῆς.

197 3323 257 3362 rrae

126 3425 176 3514 59-
196 3425 263 3496 rtoa’
274 3449 335 3512 pro
347 3423 414 3494 ποτ’
429 3425 643 3492 reddiderunt
655 3451 673 3492 e
690 3425 783 3492 codd.
796 3426 939 3492 Brunck.
953 3442 985 3490 et
992 3423 1160 3502 Valokan„

166 3513 213 3576 vti
231 3515 294 3574 iam
307 3511 450 3575 correxit
463 3513 581 3576 Portus
593 3515 628 3574 in
637 3513 751 3578 Lexin
766 3515 849 3576 Dor.
866 3511 924 3574 rub
939 3534 1011 3575 voc.
1024 3509 1161 3596 perillam.

170 3599 252 3658 Tum
272 3603 422 3678 e’arlodpc
452 3598 594 3664 coniecit
615 3597 878 3662 Hemsterhuriua
902 3597 938 3660 in
962 3595 1039 3658 Oba.
1062 3597 1163 3658 Miac-

167 3682 239 3746 vot.
254 3683 295 3747 V.
311 3686 351 3747 T.
366 3687 392 3746 Ι.
410 3704 444 3766 p.
460 3681 533 3749 30⁶2.
547 3680 705 3766 probante
718 3681 902 3760 anchio,
928 3681 985 3766 qui
1001 3685 1163 3764 vulgatam

169 3767 341 3830 lectionem
360 3789 437 3852 prae
462 3766 519 3828 illa
541 3767 611 3830 fere
632 3769 785 3830 insulsam
807 3789 875 3829 esee
896 3766 1099 3850 pronuntiat.
1122 3797 1165 3812 -
1274 3839 1278 3846 ι

152 3851 240 3912 ‘Hoc
253 3875 331 3914 vero
346 3851 479 3914 verbnm
494 3853 625 3937 proprie
640 3869 733 3916 notat
745 3854 900 3926 vellicare,
917 3872 1067 3932 pungere.
1087 3846 1165 3912 vido

170 3935 259 3998 Porti
268 3938 352 3999 Lex.
367 3939 451 4006 Dor.
468 3937 527 3999 sub
546 3938 577 3999 h.
592 3962 624 4004 v.
644 3939 742 3999 Harl.
776 3938 863 4022 [Iure
879 3935 1028 4020 Toupiua
1044 3933 1088 3994 im
1114 3953 1165 3994 ro*

170 4019 225 4084 hat
241 4026 407 4102 ἰκτίσθης,
435 4045 509 4084 nam
555 4022 708 4085 articulare
728 4021 774 4092 ἔτι
794 4037 827 4085 et
848 4023 937 4102 nord,
962 4039 1045 4103 quae
1066 3956 1111 4078 al
1131 4035 1165 4077 se

172 4121 282 4169 mutuo
298 4112 502 4186 referuntur,
527 4045 763 4184 intonuerant,
788 4106 983 4181 subiectum,
1007 4099 1095 4187 quod
1109 4120 1167 4160 vo-

174 4205 254 4272 aaut
278 4193 314 4254 in
327 4209 462 4280 atraque
474 4193 707 4260 enuntiatione
721 4213 787 4257 ease
799 4189 834 4261 ad
844 4189 1010 4281 γερόντων.
1032 4183 1168 4268 Karon.)
