2886 5022
292 441 1028 563 nnnocnrrrrnrnnronxrrr.
1126 460 1192 552 ³57·

124 616 171 685 Et
182 637 262 682 eum
279 615 393 682 omnis
407 613 552 698 edocuit,
573 613 660 682 sieut
673 627 770 706 pater
784 640 901 686 mmm
916 619 1037 708 filium,

127 717 260 808 Quibus
274 718 440 808 perceptis
463 717 517 784 vir
531 716 641 784 bonus
655 730 690 784 et
702 720 843 790 celebris
859 722 930 810 ipse
945 723 1084 794 effectus
1098 743 1185 797 erate

124 821 155 890 N
157 843 308 918 unqnsm
320 820 361 886 ab
377 843 416 886 eo
424 817 625 910 discedebat,
637 844 748 910 neque
762 821 791 888 si
805 823 936 891 medius
949 823 1018 922 dies
1025 843 1186 918 surgeret,

123 923 194 990 Neo
210 944 317 1010 quum
342 921 426 1021 albis
443 921 611 1012 quadrigis
624 925 761 992 Aurora
781 925 819 992 in
833 925 922 993 Iovis
935 923 1031 994 aedes
1044 931 1186 998 adscen-

703 1027 808 1110 deret,

123 1125 192 1195 Nec
205 1147 311 1227 qpum
324 1125 409 1215 pulli
422 1126 536 1192 avium
552 1126 721 1217 pipientes
734 1128 778 1196 ad
794 1129 914 1198 nidum
930 1133 1142 1224 respicerent,

126 1229 309 1324 Quotient'e
324 1230 391 1294 alas
410 1243 518 1295 matre
537 1226 573 1293 in
586 1227 766 1315 fuliginosa
779 1233 891 1303 trabes

126 1333 207 1420 Quo
223 1331 284 1398 sibi
299 1356 344 1398 ex
359 1331 473 1398 animo
492 1353 581 1422 puer
597 1332 782 1400 elaboratus
797 1346 893 1422 esset,

126 1431 263 1522 Sibiqne
276 1445 364 1502 recte
378 1427 517 1504 trahens
538 1432 591 1499 vir
604 1455 705 1500 verns
717 1433 884 1506 evaderet.

124 1605 332 1629 ——nnnnq

190 1697 277 1778 spol,
298 1697 448 1778 pndt'rtore
463 1687 636 1780 πετόμενοι.
651 1695 758 1760 Schol.
792 1695 977 1764 Thebanum
991 1699 1183 1764 vocabulum

187 1803 253 1844 esse
270 1795 406 1842 testetur
420 1781 606 1844 Athenaeus
622 1782 712 1848 XIV.
729 1804 760 1864 p·
777 1781 847 1848 621.
862 1783 973 1868 (cuius
987 1791 1078 1849 locus
1095 1809 1182 1870 repe·

185 1866 267 1926 titus
283 1881 331 1928 est
347 1868 382 1925 in
398 1866 575 1938 Mpittairii
589 1865 645 1928 lib.
662 1865 701 1928 de
717 1867 790 1928 dial.
809 1890 842 1951 p.
859 1887 930 1950 270·
948 1870 1004 1948 C.)
1046 1873 1144 1932 Harl.

140 1952 196 2016 14.
218 1951 304 2012 Ante
322 1949 409 2012 hunc
423 1971 549 2012 versum
565 1949 720 2016 Valcken.
742 1965 836 2035 putat
857 1975 968 2017 versus
983 1953 1013 2020 8.
1028 1970 1062 2016 et
1081 1977 1111 2040 9.
1147 1957 1183 2015 ui

145 2107 148 2118 ι
183 2055 278 2118 supra
304 2057 369 2096 uon
383 2056 454 2180 ‘suo
473 2037 548 2097 loco
569 2033 737 2113 haereant,
782 2036 817 2098 in
839 2059 897 2100 soa
917 2035 993 2102 sede
1013 1979 1183 2123 ponendos

185 2141 263 2182 esse.
295 2124 404 2180 dior.
785 2143 787 2150 ·

146 2220 195 2288 15·
217 2219 316 2301 edroi,
340 2221 410 2284 sine
424 2221 491 2282 iota
515 2217 712 2305 subscripto,
736 2241 777 2286 ex
796 2221 869 2284 edd.
883 2221 1033 2310 Callierg.
1047 2239 1080 2290 et
1093 2209 1181 2287 f'srr.

184 2322 290 2384 secte,
314 2321 351 2369 vt
372 2303 454 2366 mihi
475 2305 621 2381 videtur,
644 2303 787 2367 reddidit
807 2307 936 2380 Reisks,
957 2313 1110 2392 supplens
1131 2309 1184 2376 ἐπ’

116 2421 120 2434 “
185 2390 279 2458 αὐτοῦ
297 2397 394 2456 ἕλκων
414 2388 452 2458 ro*
470 2387 550 2468 ἦθος
569 2394 621 2450 vel
636 2387 693 2468 τήν
706 2388 849 2536 dedoplsit,
872 2406 908 2454 vt
920 2391 1023 2474 Hylas
1045 2415 1086 2456 ex
1100 2395 1183 2456 Her-

187 2481 258 2538 eule
274 2474 478 2538 contraheret
498 2474 601 2536 bonos
617 2489 768 2537 monetet
804 2475 1003 2558 isoiplinam,
1027 2493 1063 2541 vt
1079 2475 1119 2539 ad
1134 2478 1182 2539 di·

186 2559 356 2644 sciplinam
374 2579 542 2641 moresque
563 2557 712 2620 Herculis
735 2559 903 2642 ingenium
923 2575 956 2622 et
977 2561 1063 2624 vitae
1082 2563 1181 2624 ratio·

186 2666 260 2707 nem
296 2641 563 2708 adcommodaret.
617 2642 723 2727 Quam
756 2643 1055 2726 interpretationem
1105 2668 1181 2706 num

184 2730 291 2814 primo
305 2727 468 2812 probasset
486 2729 681 2802 Wartonus,
706 2725 781 2788 dein
798 2741 989 2790 tamencum
1005 2733 1049 2790 Ia.
1069 2667 1183 2792 deuio

187 2812 336 2876 emendat
355 2810 437 2896 αὐτῷ
456 2809 484 2877 δ’
501 2807 537 2878 εὖ
559 2818 668 2884 sinor,
692 2815 728 2872 ἰνι
743 2811 887 2872 omnibus
906 2817 1098 2896 morigerus:
1120 2829 1183 2876 ett-

185 2921 247 2983 que
269 2902 360 2964 eistete
387 2895 521 2960 verbnm
544 2895 742 2958 amatorium.
793 2895 939 2959 Eandem
963 2899 1182 2960 coniecturam

187 2984 284 3043 etiam
310 2987 450 3063 Tonps'us
470 2981 504 3043 in
528 2979 735 3044 animadvers.
759 2979 793 3041 in
817 2979 924 3046 Sohoh
938 2983 1125 3065 proposuit,
1150 2975 1184 3044 et

187 3067 330 3128 Brunck.
350 3067 385 3128 in
405 3080 530 3127 textum
557 3066 689 3148 recepit.
738 3062 829 3127 Idem
854 3079 959 3128 umen
989 3071 1130 3148 Tonps’us
1147 3067 1182 3127 in

187 3150 282 3216 Curis
304 3147 507 3234 posteriorib.
526 3149 561 3210 in
582 3150 726 3237 lectione
751 3153 882 3234 vulgata
902 3148 985 3236 αὐτῷ
1004 3149 1030 3216 δ’
1040 3149 1076 3218 εὖ
1089 3157 1184 3218 ἕλκων

186 3235 272 3298 nihil
285 3231 474 3296 mutandum
495 3255 562 3296 esse
576 3247 699 3308 censet;
723 3233 942 3318 metaphoram
964 3251 1099 3299 sumtam
1115 3258 1183 3302 esse

187 3341 205 3384 a
221 3319 385 3396 iumentis,
408 3333 440 3380 et
456 3315 538 3400 αὐτῷ
551 3317 673 3380 dictum
686 3339 745 3400 pro
760 3314 816 3385 stis
830 3315 921 3403 αὐτῷ.
955 3321 1184 3386 Valckenarius

186 3419 298 3468 contra
315 3401 643 3486 vulgatam'sinceram
663 3423 731 3464 esse
745 3416 849 3488 negat.
892 3407 1027 3466 Heinsio
1043 3403 1079 3471 eti
1096 3407 1182 3484 ἥκων

180 3489 319 3574 placuit.
376 3487 507 3546 Kochler
535 3484 675 3570 denique
703 3508 744 3548 ex
771 3487 913 3550 lectione
935 3487 1005 3555 cod
1028 3491 1183 3553 Toletani

183 3579 311 3652 ἐξέλκων
352 3569 526 3634 robabilem
549 3567 676 3655 effingit
694 3568 869 3636 lectionem
894 3570 978 3638 otiroi
993 3570 1020 3639 δ’
1035 3577 1069 3654 ἐξ
1087 3573 1138 3658 (h.
1154 3595 1182 3636 e.
1276 3591 1283 3604 ·

187 3661 219 3739 ἐξ
232 3593 350 3742 sitiendi
357 3661 463 3734 ἕλκων,
486 3656 527 3716 ab
542 3658 611 3734 ipso
624 3677 748 3716 euntem
762 3659 941 3738 exemplum.
962 3661 1061 3720 Harl.
1094 3659 1184 3742 [Hoc

184 3743 303 3828 probat
318 3741 495 3802 Iacobsius.
537 3737 599 3800 Sed
614 3737 677 3800 iam
688 3754 763 3801 onte
777 3739 974 3804 Koehlemm
986 3740 1184 3841 Stephanum

182 3828 232 3890 aio
261 3825 434 3910 legendum
463 3844 532 3886 esse
557 3823 736 3899 censuitne,
783 3822 903 3889 docent
931 3826 1062 3888 Heinsri
1089 3829 1182 3888 Lect.

183 3911 248 3977 Th.
263 3933 295 3994 p.
311 3906 384 3972 360.
400 3923 433 3971 et
452 3905 652 3972 Eichstsedt.
675 3907 807 3992 Quaest.
829 3909 947 3993 philol.
961 3933 993 3994 p.
1008 3907 1061 3977 56.
1102 3912 1183 3971 Vul-

183 4011 290 4082 gatam
311 3993 392 4056 bene
415 3991 556 4078 explicat
571 3995 617 4054 Η.
637 3993 790 4067 Vossius,
811 3995 1031 4079 metaphoram
1046 4017 1064 4056 a
1079 3992 1183 4056 bobus

184 4078 305 4144 arando
325 4092 426 4140 rectos
445 4081 551 4141 sulcos
573 4075 766 4140 ducentibus
789 4080 923 4162 petitam
941 4099 1008 4143 esse
1022 4077 1181 4140 iudicans.

180 4165 345 4232 Nimirum
357 4177 394 4226 vt
406 4159 492 4250 apud
505 4157 635 4228 Pindo.
645 4161 743 4250 Pyth.
756 4163 814 4316 Ιὲ.
827 4163 889 4232 403
902 4185 972 4252 sqq.
995 4162 1112 4226 Aeetes
1125 4161 1182 4258 bg.
