2796 5024
198 467 533 532 rueocurrr
567 435 848 538 mumou
873 475 913 542 .1.
1077 483 1118 550 55

68 639 133 708 lllud
151 639 389 730 Lycaonidac',
416 639 509 728 quod
532 641 631 710 etiam
644 643 694 710 dii
708 644 796 712 beati
812 659 1032 718 venerantur.

96 743 241 812 Desinite
263 743 485 827 bucolicum,
507 746 640 826 Musae,
662 748 769 836 agite,
788 747 931 814 desinite
945 772 1092 818 carmen.

69 847 151 927 l'eni,
170 871 253 926 rex,
278 860 315 912 et
330 847 468 916 hancce
485 871 504 912 e
520 873 595 916 cera
611 850 696 916 bene
711 863 887 940 compacta
904 851 1040 918 dulcem
1118 837 1120 844 ¹

67 951 170 1038 Accipe
190 951 367 1030 fiscinam,
400 951 491 1020 circa
511 953 644 1020 labrum
669 953 842 1020 inflexam.

66 1049 138 1116 Saue
158 1053 253 1122 enim
274 1077 339 1144 ego
362 1055 407 1122 ab
429 1057 556 1126 Amore
577 1053 615 1122 in
637 1057 766 1122 Orcum
787 1053 855 1122 iam
877 1056 1006 1124 trahor.

23 1200 24 1210 1
95 1155 241 1224 Desinite
261 1157 480 1244 bucolicum,
503 1160 637 1242 Musae,
657 1152 764 1246 agite,
785 1159 927 1226 desinite
945 1182 1093 1226 carmen.

63 1254 146 1324 ll'unc
165 1261 277 1338 violas
299 1261 439 1342 feratis,
461 1261 557 1342 rubi,
578 1260 710 1341 feratis,
738 1260 870 1349 spinae:

63 1357 166 1426 Pulcra
194 1363 367 1432 narcissus
397 1365 562 1455 iuniperis
583 1364 718 1432 floreat:

21 1473 22 1514 i
62 1487 257 1510 ᾖ

113 1571 304 1655 scripsimus
324 1573 463 1636 formam
482 1573 725 1661 exquisitiorem
740 1569 862 1659 dycrc'r.
901 1577 1010 1638 Multa
1026 1573 1113 1638 adie-

115 1657 200 1718 ctiva
221 1657 388 1742 duplicem
409 1662 545 1722 formam
567 1659 703 1736 habent,
728 1675 762 1722 vt
781 1659 963 1742 θαυμαστός
978 1675 1010 1723 et
1025 1669 1113 1727 θαυ·

115 1739 227 1824 μιός,
248 1741 380 1829 iocosis
403 1760 436 1806 ct
453 1741 560 1829 ἐρατός
582 1751 629 1847 (v.
648 1743 774 1808 Schaef.
791 1747 831 1806 ad
845 1745 1010 1829 Aristoph.
1024 1746 1110 1808 Plut.

116 1847 145 1908 p.
164 1830 285 1914 492.),
325 1827 501 1911 ἀδάμαστος
522 1845 554 1890 et
577 1827 751 1916 adductus,
777 1829 911 1916 γνωστός
933 1845 966 1892 et
985 1829 1112 1916 ysurdu,

113 1909 282 1991 &deuotus
296 1929 330 1976 et
345 1912 502 1992 deductos,
520 1912 727 2002 uuiysluuuroc
743 1931 775 1978 et
789 1916 990 2001 uciysrluctcc,
1003 1921 1045 1978 ul.
1069 1919 1110 1977 K.

71 1993 144 2062 tud.
164 2001 263 2062 Sume
285 1998 373 2062 hanc
393 2001 549 2077 fistulam,
573 2021 654 2086 qnae
676 2000 717 2063 ob
733 2023 837 2064 ceram
850 2001 932 2062 bene
950 2001 1066 2062 illitam
1079 2014 1111 2060 et

116 2099 315 2167 compactam
344 2106 475 2146 suavem
505 2083 574 2147 edit
594 2087 716 2146 odorem
737 2090 834 2164 (aut,
866 2087 894 2146 si
921 2087 1013 2148 malis
1037 2108 1109 2145 cum

119 2167 374 2254 schol-conum),
389 2175 533 2252 pulcram
545 2183 578 2232 et
590 2171 673 2232 circa
687 2169 811 2233 labrum
822 2181 885 2248 (am
894 2169 1110 2245 Mundstiick)

117 2269 290 2318 curvatam.
320 2255 516 2339 indignante
535 2254 750 2318 Valckenario
771 2257 913 2319 coniecit
926 2255 1037 2318 Reisk.
1051 2255 1111 2338 φί-

116 2363 166 2420 prn
185 2341 318 2406 nomio
343 2341 515 2412 (nimirum
533 2344 625 2425 φέρεν
643 2363 711 2404 non
733 2340 900 2402 ferendum
948 2341 1023 2426 quia
1042 2341 1110 2400 Da·

115 2423 211 2507 plrnis
232 2424 317 2486 Pani
339 2423 400 2486 deo
422 2445 482 2486 suc
495 2427 635 2488 moriens
649 2425 787 2487 fistulam
802 2449 867 2490 non
883 2441 918 2488 vt
933 2425 1109 2510 praemium

118 2511 319 2586 certaminis,
343 2507 401 2572 sed
422 2524 459 2570 vt
470 2510 640 2572 donarium
653 2533 715 2594 pro
728 2532 815 2572 more
833 2512 950 2574 veteris
965 2509 1037 2571 aevi
1053 2507 1108 2568 dc·

119 2609 249 2657 naturus
273 2607 333 2656 est.
364 2594 476 2657 Valck.
497 2595 574 2656 item
596 2609 759 2677 comparat
771 2593 902 2658 Mosch.
916 2596 971 2657 lll.
986 2593 1038 2656 54.
1052 2597 1109 2668 K.)

119 2694 269 2742 ettamen
283 2677 428 2740 Brunck.
443 2679 478 2740 in
492 2695 615 2742 textum
633 2679 668 2742 id
681 2679 812 2760 recepit.
847 2681 918 2762 Ego
932 2699 1008 2740 vero
1024 2677 1110 2758 succi

120 2762 192 2826 dedi
213 2789 288 2830 cum
308 2764 511 2826 Wintertcu.
532 2764 689 2826 Valcken.
710 2776 742 2824 et
759 2762 924 2824 Brunclric
938 2784 956 2824 e
970 2765 1109 2822 nonnul·

119 2851 157 2908 Iis
171 2850 243 2912 cdd.
257 2871 320 2932 pro
334 2850 420 2932 stupui
433 2850 538 2936 (quod
550 2849 627 2911 item
640 2849 674 2924 in
689 2846 761 2909 cdd.
776 2855 908 2924 exstat).
944 2847 999 2907 Sic
1016 2845 1108 2925 ldyll.

120 2935 158 3006 ll,
178 2933 228 2998 28.
252 2935 343 3011 wll,
361 2957 375 2998 1
401 2953 476 2998 xm.
499 2934 612 3016 Comp.
634 2931 744 3017 Longi
766 2933 852 2994 Pest.
868 2933 904 2996 ll.
919 2931 970 2996 et.
998 2931 1110 3014 ibique

69 3057 75 3064 ·
120 3020 219 3082 Molli
232 3029 303 3082 not.
316 3041 348 3104 p.
359 2954 430 3082 eiss.
445 3042 491 3106 sq.
514 3018 563 3082 ed.
575 3015 777 3166 Eodemxged.
786 3015 912 3080 Schacf.
925 3039 957 3100 p.
972 3014 1041 3094 65.)
1063 3017 1108 3074 Η.

121 3106 172 3167 De
185 3106 318 3191 syringa
332 3105 374 3166 cf.
392 3104 417 3166 1.
433 3107 476 3168 H.
491 3103 628 3168 Vossius
642 3101 683 3165 ad
699 3147 703 3154 -
729 3103 789 3186 irg.
808 3103 878 3164 Ecl.
894 3102 991 3185 pd75u
1008 3099 1110 3186 Equi-

122 3189 191 3251 dem
209 3195 319 3252 locum
339 3189 386 3251 sic
406 3189 573 3274 intelligo:
603 3190 742 3250 fistulam
766 3191 926 3272 pulcram,
950 3207 1032 3272 quae
1051 3205 1110 3267 pcr

122 3295 221 3336 ceram
248 3276 397 3360 singulos
423 3279 562 3336 calamos
590 3277 794 3357 copulantem
822 3293 951 3333 suavem
978 3269 1108 3332 odorem

124 3358 242 3421 edebat.
264 3361 417 3438 εὕιεηπος
435 3357 534 3419 habet
553 3381 680 3422 sensum
696 3357 845 3418 activum.
887 3359 1002 3418 Kicasl.

89 3442 152 3506 150.
172 3444 259 3532 ᾅδω]
275 3465 360 3506 vnus
375 3441 746 3518 Cd.F10r.,vtvidetur,
762 3457 793 3502 et
807 3441 884 3504 edit.
892 3446 974 3505 lunt
991 3439 1110 3500 habent

125 3530 221 3608 ἅϊδος,
253 3533 343 3615 quod
365 3528 522 3592 Valcken.
548 3543 580 3591 ct
599 3527 794 3590 recentiores
817 3527 956 3588 editores
979 3539 1110 3608 propter

73 3665 77 3676 .
123 3634 266 3676 numeros
280 3614 463 3691 bucolicus,
489 3612 660 3700 dequibus
675 3610 820 3692 disputat
835 3611 946 3672 Valck.
964 3610 1000 3670 in
1015 3609 1108 3691 epist.

128 3698 166 3759 ad
188 3701 305 3764 Rdvcr.
331 3723 364 3784 p.
390 3699 463 3760 XV.
484 3721 528 3782 sq.
551 3701 782 3782 praetulerunt.
825 3696 895 3759 Nos
917 3695 1110 3758 retinuimus

127 3786 212 3868 diue,
240 3783 330 3872 quod
354 3784 391 3844 in
415 3784 563 3846 omnibus
585 3781 656 3844 cdd.
679 3795 806 3858 exstat,
842 3779 884 3842 ob
905 3799 1110 3856 numerorum

125 3873 319 3955 gravitatem.
364 3870 483 3930 Kiessl.

90 3953 313 4024 152.155.'1a·
335 3956 454 4016 mulae.
469 3953 634 4018 Vcilchen.
656 3945 761 4018 Bairos·
784 3950 864 4012 ruhi.
886 3947 1112 4013 Brombeeren.

116 4043 292 4112 'Ameriae‘
318 4043 453 4120 spinas,
484 4039 619 4100 frutices
641 4035 777 4120 spinosi.
800 4037 948 4097 Dornen.
971 4027 1114 4112 Νάρκισ-

116 4123 765 4282 tttlss'ff⁸“trlzss¹⁸35ntfft“tllt
789 4113 1116 4292 gtsslss'ltilglz
