2816 5016
251 452 557 532 suscenset
598 453 873 538 torenton
916 455 955 518 v.
1012 479 1015 486 ·
1073 457 1131 545 169

471 620 741 692 conaus&

88 727 125 793 n
135 749 202 792 uon
218 723 367 792 conferri
384 735 492 813 potest
505 723 611 788 rubus
625 723 763 790 caninus
779 745 890 811 neque
904 749 1071 792 anemone

90 829 166 920 Cum
182 831 271 896 rosis
280 878 291 914 ,
313 849 459 914 quarum
474 826 605 894 areolae
619 826 712 890 iuxta
725 849 820 915 sepes
836 839 1033 894 nascuntur.

89 1033 192 1119 Neque
204 1030 296 1099 euim
315 1055 393 1098 cum
408 1030 583 1119 glandibus
605 1053 705 1118 poma
720 1045 896 1098 montana:
919 1028 994 1097 illae
1012 1027 1137 1096 habent

92 1135 234 1202 Tenuem
248 1135 292 1202 ab
307 1135 385 1202 ilice
400 1135 578 1216 corticem,
600 1135 683 1200 haec
696 1147 775 1202 suut
784 1134 922 1206 mellite.
1025 1147 1029 1154 '

308 1276 315 1287 =
475 1235 745 1307 COMATA&

93 1336 130 1403 Et
142 1359 197 1426 ego
210 1339 351 1425 quidem
366 1338 452 1406 dabo
464 1340 596 1430 puellae
612 1338 700 1406 illico
713 1335 925 1428 palumbum,
965 1329 966 1332 ¹

110 1473 306 1496 ————-

144 1565 309 1631 Brunckio
331 1569 455 1651 recepit
467 1569 579 1631 Valck.
594 1570 629 1630 in
643 1581 769 1630 textum
786 1587 826 1626 ex
842 1562 929 1650 cdd,
954 1578 1054 1648 puto,
1077 1564 1137 1626 Ba·

144 1673 220 1712 rocc.
241 1655 319 1717 Vat.
340 1667 372 1714 et
385 1654 505 1727 Beued.
529 1670 646 1716 recent.
676 1687 720 1702 -
740 1647 869 1734 Λεπρόν
887 1671 928 1712 ex
952 1648 1022 1711 cod.
1044 1653 1139 1712 Tole-

145 1750 214 1798 tano
237 1752 273 1800 et
287 1737 336 1800 ed.
353 1739 447 1799 Rom.
468 1745 680 1822 reposuerunt
694 1735 806 1799 Valclt.
820 1732 955 1811 Reislte,
982 1755 1063 1817 quos
1085 1755 1138 1796 se·-
1172 1779 1178 1794 .

98 1879 99 1882 ,
147 1835 232 1882 cutus
256 1837 307 1883 est
320 1823 461 1886 Brunclt.
476 1821 621 1910 (Iacche,
647 1819 885 1902 Bindemaun.).
900 1822 999 1903 vulgo
1016 1815 1139 1900 λεπτόν,

151 1917 251 1981 tenue,
277 1906 374 1991 quod⁴
389 1929 500 1969 verum
522 1921 580 1972 est.
624 1915 657 1973 ol
670 1911 728 1991 piu
751 1903 814 1970 rimi
834 1907 972 1989 πρίνοω,
996 1904 1035 1963 ab
1055 1906 1139 1978 ilice,

149 2004 192 2050 est
213 1991 413 2074 periphrasis
436 1997 564 2078 elegans
594 2014 653 2076 pro
682 1993 789 2058 ἅκυλοι
817 1995 969 2078 uolutans,
1002 1990 1139 2070 glandes

147 2073 490 2158 dignae.(v.1.147.),
523 2076 639 2160 quibus
662 2077 773 2138 [acon
794 2087 957 2156 comparat
981 2077 1138 2155 puellam
1173 2105 1175 2113 ·

150 2157 249 2243 [Talis
276 2160 472 2243 periphrasis
500 2159 554 2224 hic
578 2159 707 2244 quidem
734 2159 775 2220 ol)
799 2157 1139 2220 ordinemverborum

150 2243 275 2305 admitti
298 2267 366 2306 non
388 2258 515 2326 potest,
548 2265 654 2328 neque
678 2267 750 2306 cum
772 2244 900 2328 llgenio
928 2242 968 2303 ad
989 2241 1143 2324 Scoliap.

153 2327 214 2392 roll.
236 2344 327 2390 recte
352 2327 477 2389 dixeris
501 2351 567 2390 esse
586 2351 645 2412 pro
661 2334 731 2390 solo
755 2328 922 2428 genitivo,
947 2341 984 2388 vt
1000 2321 1048 2386 dc.
1064 2328 1143 2400 οἶνος

150 2409 196 2478 ἐπ’
206 2411 347 2498 ἀμπέλου
360 2433 418 2494 pro
432 2413 512 2489 οἶνος
525 2416 579 2491 τῆς
593 2413 735 2496 α’μπέλού.
760 2435 824 2475 imo
839 2411 901 2473 hoc
911 2409 992 2472 dicit
1007 2425 1139 2472 auctor:

153 2495 269 2564 habent
283 2513 413 2560 tenuem
428 2497 616 2562 corticulam
638 2498 679 2566 ‚ab
701 2499 776 2559 ilice
791 2512 910 2571 ortam,
936 2493 991 2556 die
1007 2517 1072 2556 von
1088 2493 1144 2555 der

104 2595 107 2602 “
151 2581 250 2644 Eiche
280 2581 442 2643 hcrriihrt.
482 2581 616 2666 Kiessl]
651 2585 727 2643 illae
753 2583 854 2666 igitur
882 2581 996 2640 haberat
1026 2592 1145 2638 tenuem

151 2666 287 2748 (laureis)
302 2681 359 2727 aut
380 2667 563 2728 scabiosam
579 2681 609 2726 et
630 2669 827 2727 maculosam
847 2661 980 2748 (lanpdr)
1003 2667 1143 2723 corticu-

150 2753 228 2812 lom:
253 2762 285 2818 αἱ
302 2753 346 2826 δι’,
373 2773 405 2809 n.
419 2748 713 2834 dpopalldrgffloma
726 2753 899 2820 silvestria,
922 2760 996 2808 aunt
1010 2749 1142 2820 asellico,

154 2837 274 2912 dulcia,
299 2835 416 2920 quibus
434 2835 609 2897 iucundam
622 2836 716 2918 pueri
733 2833 783 2895 sui
799 2833 948 2896 Cratidue
964 2833 1144 2906 levitatem,

155 2937 204 2980 aut
223 2922 261 2981 in
283 2940 400 3006 genere
421 2920 624 2998 suavitatem,
649 2919 876 2982 amoenitatem
899 2931 931 2978 et
946 2930 1145 2977 venustatem

159 3018 394 3090 comparaturus
413 3026 482 3066 esse
495 3004 633 3066 videtur.
656 3001 816 3089 Μελιχρός
834 3003 918 3064 enim
937 3000 1056 3062 dicitur
1070 3021 1144 3084 pro·

157 3091 222 3170 prie
245 3089 285 3151 de
308 3093 416 3168 colore
432 3091 536 3150 mellis
552 3091 604 3166 (cf.
629 3087 955 3172 Stephan.ad1dyll.
978 3089 1024 3161 X,
1058 3081 1143 3170 ⁴17.);

159 3169 228 3235 dein
252 3175 287 3235 iu
311 3194 426 3260 genere
441 3175 598 3250 mellitus,
623 3174 742 3250 dulcis,
766 3178 857 3234 nullo
878 3171 918 3233 ed
937 3174 1076 3232 colorem
1092 3168 1147 3229 ha·

157 3255 224 3321 bito
241 3273 398 3340 respectu.
421 3279 452 3318 v.
478 3261 629 3321 Warton.
657 3261 773 3320 Sensus
789 3257 967 3342 igiturest:
992 3269 1148 3338 quantum

161 3339 312 3404 differunt
333 3357 366 3402 et
389 3341 510 3402 distant
534 3342 755 3418 iucunditate,
791 3357 959 3402 venustate
989 3353 1021 3400 et
1040 3340 1147 3422 pretio

12 3437 13 3511 l
109 3435 112 3441 '
157 3445 247 3506 poma
264 3441 413 3486 montana
436 3449 453 3486 a
476 3426 646 3511 glandibus
662 3429 791 3512 iligni53
815 3441 940 3488 tantum
959 3445 1038 3506 puer
1057 3425 1147 3484 illeu

158 3515 262 3590 puella
276 3511 442 3571 Clearista.
464 3511 540 3572 vide
556 3534 633 3574 vero
648 3527 799 3573 moratam
815 3511 955 3572 Laconis
972 3510 1150 3570 orationem

109 3611 112 3621 ·
161 3607 191 3652 et
206 3595 335 3656 Salmas.
352 3593 391 3653 ad
405 3595 506 3656 Solin.
528 3587 559 3678 p.
576 3599 642 3683 195.
665 3599 761 3659 Harl.
776 3597 957 3661 -''Asolor
972 3608 1047 3653 sunt
1061 3598 1149 3678 glan·

90 3729 93 3735 .
160 3675 210 3738 des
233 3681 371 3757 Quercus
402 3681 490 3739 ilicis
506 3683 604 3742 Lino.
636 3683 740 3742 Germ.
773 3681 962 3741 Steclreicks.
1009 3679 1149 3762 Vulgata
1181 3729 1186 3738 .

161 3765 258 3826 lectio
277 3764 388 3828 λεπτόν
404 3785 479 3825 vera
502 3779 567 3840 est;
592 3760 698 3834 ἇκυλοι
721 3767 805 3827 enim
823 3786 985 3848 nunquam
1005 3778 1083 3826 sunt
1099 3771 1152 3826 le·

160 3853 241 3929 apol.
270 3846 411 3908 Glande·
444 3849 564 3934 ilignae
593 3851 703 3928 tenui,
735 3871 872 3912 exsucco
903 3849 1069 3932 putamine
1091 3869 1153 3906 nu-

162 3936 262 3992 cleum
289 3930 452 4006 condunt;
486 3955 579 4016 poma
600 3935 759 3996 silvestria
783 3935 852 4012 (vbi
874 3957 940 3995 uon
963 3931 1073 3994 acerba
1097 3932 1154 3990 illa

163 4014 375 4101 intelligenda
405 4031 495 4094 aunt,
527 4019 635 4101 qualia
662 4019 747 4101 apud
770 4041 829 4081 uos
850 4020 885 4080 iu
916 4021 998 4079 malo
1014 4011 1156 4076 silvestri

12 4121 13 4170 t
160 4105 360 4178 nasctmtur‚)
375 4121 466 4162 cerne
479 4103 610 4165 mellita.
656 4103 811 4166 Schrader.
893 4111 896 4118 “
1007 4145 1017 4164 .

12 4191 13 4268 ᾗ
119 4181 172 4270 96·
194 4205 241 4272 97·
263 4182 411 4268 φάσσαν,
438 4192 504 4249 eine
516 4191 623 4250 Holc-
645 4189 717 4251 oder
735 4186 967 4272 Ilirzgcltauhc5
993 4205 1025 4246 v.
1046 4181 1154 4245 Schol.
