2878 5016
274 439 339 510 354
445 441 766 508 erorrrror
787 433 1102 508 ιιιΔνΛΛιοιν
1129 433 1177 524 η’.

275 614 390 714 Ἰκριά
408 611 437 689 δ’
453 612 578 714 ἠΐθεοι
596 605 836 709 μεσονύκτιον
854 605 1107 710 ἐξεκάθαιρον,

282 721 466 818 Ηρακλῆα
483 723 662 812 μένοντες·
689 715 710 787 d
735 712 778 803 d,
806 711 831 784 ἆ
846 709 953 795 πόδες
969 712 1074 808 οἶμον,
1101 710 1228 815 ἐχώρει
1294 741 1347 811 70

276 817 525 917 Μαινόμενος·
577 810 730 910 χαλεπός
760 810 831 914 yde
864 819 931 891 ἔσω
963 813 1053 901 θεός
1085 819 1184 920 ἧπαρ
1218 817 1347 916 ἄμυσ-

856 945 927 994 σιν.

281 1026 389 1102 Orico
405 1027 474 1119 μὲν
489 1019 675 1104 κάλλιστος
689 1020 800 1103 Ὕλας
813 1017 988 1120 μακάρων
1005 1022 1238 1121 ἀριθμεῖται.

277 1131 483 1227 Ἡρακλέην
501 1126 530 1202 δ’
550 1127 660 1224 ἥρωες
675 1121 892 1222 ἐκερτόμεον
909 1123 1151 1220 λιπονούτοιν,

280 1232 438 1308 Οὕνεκεν
456 1225 594 1327 ladam
617 1224 924 1324 τριακονταζυγοκ
946 1227 1081 1328 Ἀργώ.

278 1335 406 1430 Πεσδᾷ
421 1330 449 1408 d'
466 1340 501 1415 ἐς
516 1328 666 1426 Κόλχοις
682 1361 724 1408 τε
740 1332 800 1404 καὶ
817 1331 945 1416 ἄξενον
962 1341 1060 1410 ἵκετο
1085 1336 1215 1412 Φοῖοικ.
1296 1342 1345 1432 75

279 1519 489 1540 ψ

281 1613 352 1712 169.
374 1607 496 1686 Reiske
517 1624 608 1686 malit
629 1628 738 1708 legere
759 1627 844 1707 ἰκρλα
866 1659 911 1674 -
930 1620 1130 1706 manufactam
1151 1621 1213 1694 ἴστ’
1240 1625 1295 1710 (h.
1316 1649 1346 1691 e.

274 1781 276 1786 ,
342 1713 374 1788 ε”ς
388 1713 436 1793 τε)
450 1707 636 1790 ἐκάθαιρον,
656 1711 843 1790 purgabant
862 1710 1012 1770 tabulata
1023 1716 1137 1786 navia,
1153 1714 1269 1795 forea,
1292 1737 1347 1774 νι-

343 1819 402 1880 que
414 1797 550 1856 audiam
569 1796 756 1854 adnectam.
800 1793 989 1870 Eldiclriut‚
1014 1799 1099 1862 lotia
1123 1795 1149 1862 δ’
1172 1796 1202 1876 η’.
1222 1827 1255 1882 μ.
1277 1799 1347 1866 ἔστε

342 1883 500 1950 καθεῖλον.
545 1881 714 1963 Egovero
735 1879 769 1938 in
785 1884 915 1962 vulgata
930 1881 1090 1957 lectione,
1114 1905 1275 1944 contentu
1291 1905 1346 1946 co·

343 1967 453 2030 dicum
477 1967 617 2040 firmata,
653 1985 735 2046 quae
756 1965 1093 2051 clarum'facilemque
1117 1966 1251 2050 praebet
1274 1989 1346 2029 aen·

342 2073 429 2128 eum,
453 2049 631 2134 acquiesco.
654 2049 751 2109 Harl.
795 2049 943 2131 Toupiue
967 2050 1001 2110 in
1017 2050 1166 2134 Append.
1186 2053 1343 2114 coniicit:

341 2135 436 2218 οὖρον
457 2171 500 2186 -·-
521 2133 642 2212 ἐξεκάθ.
662 2135 786 2194 alveum
808 2135 1030 2216 expurgabam
1053 2137 1099 2196 ad
1117 2159 1230 2197 nauem
1245 2137 1345 2198 dedu·

341 2223 494 2284 cendam:
526 2225 598 2282 coll.
624 2218 716 2281 Iliad.
730 2221 773 2294 ΙΙ,
800 2218 981 2283 151—53·
1024 2221 1087 2282 Sed
1111 2221 1286 2282 novitiam
1308 2223 1344 2283 in

219 2319 224 2336 '
341 2329 428 2369 mare
444 2303 582 2366 deducta
598 2325 665 2365 esse
686 2303 859 2388 cogitanda
873 2319 939 2380 eat,
965 2325 1062 2386 quum
1082 2309 1292 2404 Argonautae
1307 2307 1343 2368 in

344 2392 475 2465 cotim,
500 2405 536 2451 vt
552 2395 688 2451 solvant.
710 2389 852 2449 Dahlius
868 2387 996 2450 Reislrii
1010 2405 1244 2453 correctionem
1260 2396 1344 2476 ἰκρία

218 2491 221 2500 ’
343 2477 379 2537 in
395 2489 520 2538 textum
535 2471 666 2556 recepit,
691 2473 745 2535 cui
762 2471 896 2556 obsequi
913 2495 979 2534 non
996 2473 1155 2539 dubitavi.
1185 2477 1302 2538 Kieael.

302 2581 353 2642 ρο.
376 2561 397 2646 ᾇ
417 2558 507 2634 πόδες
523 2557 612 2644 ἆγον,
641 2574 678 2620 vt
698 2558 796 2641 Idyll.
809 2557 899 2622 XIV.
921 2556 975 2622 42.
1001 2557 1040 2620 de
1062 2559 1122 2636 iis,
1146 2561 1205 2644 qui
1222 2582 1290 2624 non
1305 2561 1345 2622 ad

345 2661 468 2709 certum
488 2643 660 2705 terminum
684 2643 887 2728 propositum
899 2643 1164 2728 progrediuntur.
1204 2668 1235 2709 v.
1251 2647 1344 2712 Voss.

344 2731 385 2794 td
399 2732 489 2814 Virg.
505 2731 576 2794 Ecl.
589 2749 622 2811 p.
637 2727 709 2792 452.
752 2731 868 2790 Κίιεεί.

304 2838 356 2904 71.
377 2816 497 2878 Reialre
512 2815 653 2875 correxit
666 2813 861 2875 auctoritate
875 2811 1028 2876 eddrlld.
1044 2830 1078 2877 et
1092 2817 1179 2878 Flor.
1196 2815 1344 2900 (quibua-

344 2925 417 2964 cum
440 2898 533 2961 codd.
556 2898 682 2981 aliquot
704 2899 924 2971 consentiunt)
944 2897 1081 2984 χαλεποὶ,
1114 2915 1147 2963 et
1169 2899 1216 2960 tic
1238 2899 1345 2963 edidit

344 2986 442 3047 etiam
454 2982 696 3046 Valckenarius.
726 2983 859 3045 Poetice
872 2985 1003 3067 quidem
1018 3007 1078 3069 pro
1092 2986 1240 3070 χαλεπῶς·
1263 2985 1342 3067 [Mi-

345 3070 442 3130 nime.
463 3064 583 3154 χαλεποῖ
595 3065 725 3128 videtur
738 3067 777 3128 ab
792 3067 832 3129 iit
845 3070 1036 3150 profectum,
1047 3073 1105 3154 qui
1116 3067 1253 3156 χολεπιὶκ
1263 3067 1343 3138 dedu

344 3155 565 3238 intelligerent
579 3153 746 3214 Venerem.
776 3153 928 3213 Reialriua
944 3155 1050 3216 intelli
1075 3157 1102 3217 it
1113 3159 1241 3238 μανίαι.
1270 3155 1342 3218 Noe

219 3233 224 3242 ’
342 3240 531 3321 reliquimus
546 3233 692 3322 χαλεπός,
716 3236 805 3322 quod
823 3239 918 3300 etiam
934 3238 993 3300 Cd.
1009 3180 1126 3302 Sciell.
1142 3240 1284 3324 praebet,
1309 3255 1342 3301 et

343 3323 484 3385 Harlesii
515 3323 816 3405 interpretationem
845 3323 1077 3405 amplectimur.
1111 3327 1247 3409 Κίιοιλ]
1279 3345 1339 3408 ego

344 3422 451 3468 autem
464 3407 586 3468 retinui
602 3407 775 3468 lectionem
791 3429 808 3468 a
823 3405 984 3494 Calliergo
998 3411 1189 3491 profectam,
1229 3407 1341 3483 αλεπός

340 3483 425 3569 θεός,
445 3491 478 3554 h.
495 3513 523 3555 e.
533 3493 646 3578 Ἔρως.
690 3493 882 3574 Appellatur
896 3514 991 3576 cupra
1004 3497 1063 3555 ΠΙ.
1082 3495 1128 3560 ι5.
1141 3503 1240 3579 βορυς
1253 3487 1340 3570 θεός,

343 3593 375 3642 et
396 3599 414 3638 a
435 3578 573 3640 Musaeo
595 3599 627 3638 v.
648 3575 718 3641 245.
748 3576 824 3662 (vbi
843 3597 874 3637 v.
895 3577 1088 3661 interpretas
1116 3579 1153 3639 in
1183 3577 1234 3640 ed.
1256 3581 1339 3641 Kro-

341 3663 475 3749 mayeri)
489 3659 590 3738 δεινος
604 3661 726 3746 Ἔρως.
746 3665 861 3742 gravia
878 3663 990 3735 Amor,
1013 3662 1107 3724 cuiue
1120 3663 1246 3726 viribus
1262 3664 1338 3725 reai-

343 3751 385 3811 tti
402 3749 526 3832 nequit.
546 3750 645 3810 Harl.
690 3750 784 3822 [Imo,
810 3759 923 3806 auctor
935 3751 1088 3828 grauiam
1103 3771 1264 3809 cretarum.
1285 3752 1339 3823 A]

298 3833 349 3926 75.
371 3835 511 3897 Warton
531 3855 572 3896 ex
592 3830 723 3894 Heinaii
743 3832 849 3892 Lectt.
871 3830 1007 3893 Theocr.
1031 3855 1058 3892 c.
1071 3833 1161 3894 XIX.
1186 3849 1219 3894 et
1242 3835 1340 3894 Hem·

340 3919 493 3986 aterhutii
515 3936 592 3982 nota
609 3916 649 3979 ad
661 3916 802 3978 anian.
817 3919 854 3976 T.
870 3918 894 3976 1.
910 3939 942 3998 p.
957 3915 1030 3998 487.
1045 3916 1158 3994 docet,
1190 3913 1339 3985 λιποκοὺ-

337 4035 395 4075 m
409 4023 441 4068 et
453 4001 664 4072 κριποιαύηον
677 4001 777 4062 fuitne
792 4001 949 4062 vocabula
964 4002 1116 4078 ferentia,
1131 4017 1163 4066 et
1177 4024 1262 4079 eum,
1280 4001 1339 4086 qui

334 4115 448 4156 navem
460 4091 653 4175 reliquium,
676 4086 778 4146 fuisse
794 4101 987 4164 accusatum,
1003 4085 1167 4154 λειπόνεοιν
1181 4092 1339 4172 γενέσθαι,

225 4200 227 4207 “
267 4237 270 4245 .
334 4195 370 4248 vt
387 4180 525 4242 Lucian.
545 4178 582 4236 Τ.
603 4173 630 4235 I.
650 4193 684 4256 p.
700 4167 783 4255 .625·
802 4170 857 4232 ait.
887 4168 960 4252 τούς
978 4169 1129 4252 λιπόνεως
1149 4172 1247 4238 habet
1265 4175 1336 4236 De·
