<?xml version="1.0" encoding="UTF-8"?>
<!DOCTYPE html PUBLIC "-//W3C//DTD XHTML 1.0 Transitional//EN"
    "http://www.w3.org/TR/xhtml1/DTD/xhtml1-transitional.dtd">
<html xmlns="http://www.w3.org/1999/xhtml" xml:lang="en" lang="en">
 <head>
  <title>
</title>
<meta http-equiv="Content-Type" content="text/html;charset=utf-8" />
  <meta name='ocr-system' content='tesseract 3.04.00' />
  <meta name='ocr-capabilities' content='ocr_page ocr_carea ocr_par ocr_line ocrx_word'/>
</head>
<body>
  <div class='ocr_page' id='page_1' title='image "./theocritireliqv00kiesgoog_0390.png"; bbox 0 0 2908 5016; ppageno 0'>
   <div class='ocr_carea' id='block_1_1' title="bbox 301 443 1192 570">
    <p class='ocr_par' dir='ltr' id='par_1_1' title="bbox 301 443 1192 570">
     <span class='ocr_line' id='line_1_1' title="bbox 301 443 1192 570; baseline 0.018 -62"><span class='ocrx_word' id='word_1_1' title='bbox 301 443 606 510; x_wconf 81' lang='lat' dir='ltr'>THEOCRITI</span> <span class='ocrx_word' id='word_1_2' title='bbox 632 445 913 570; x_wconf 58' lang='lat' dir='ltr'>IDYL1310N</span> <span class='ocrx_word' id='word_1_3' title='bbox 940 449 1041 518; x_wconf 86' lang='lat' dir='ltr'><strong>xlv.</strong></span> <span class='ocrx_word' id='word_1_4' title='bbox 1131 453 1192 524; x_wconf 79' lang='lat'><strong>581</strong></span> 
     </span>
    </p>
   </div>
   <div class='ocr_carea' id='block_1_2' title="bbox 135 615 1195 890">
    <p class='ocr_par' dir='ltr' id='par_1_2' title="bbox 135 615 1195 890">
     <span class='ocr_line' id='line_1_2' title="bbox 136 615 881 710; baseline -0.004 -22"><span class='ocrx_word' id='word_1_5' title='bbox 136 617 358 700; x_wconf 75' lang='lat' dir='ltr'>senescimus,</span> <span class='ocrx_word' id='word_1_6' title='bbox 381 627 414 682; x_wconf 88' lang='lat' dir='ltr'><strong>et</strong></span> <span class='ocrx_word' id='word_1_7' title='bbox 427 615 581 706; x_wconf 78' lang='lat' dir='ltr'><strong>deinceps</strong></span> <span class='ocrx_word' id='word_1_8' title='bbox 593 617 628 684; x_wconf 92' lang='lat' dir='ltr'><strong>in</strong></span> <span class='ocrx_word' id='word_1_9' title='bbox 643 639 763 706; x_wconf 82' lang='lat' dir='ltr'><strong>genam</strong></span> <span class='ocrx_word' id='word_1_10' title='bbox 778 619 881 710; x_wconf 77' lang='lat' dir='ltr'><strong>serpit</strong></span> 
     </span>
     <span class='ocr_line' id='line_1_3' title="bbox 135 717 1195 890; baseline 0 -99"><span class='ocrx_word' id='word_1_11' title='bbox 135 724 233 838; x_wconf 67' lang='lat' dir='ltr'><strong>Aegas</strong></span> <span class='ocrx_word' id='word_1_12' title='bbox 249 743 349 788; x_wconf 85' lang='lat' dir='ltr'><strong>canoa</strong></span> <span class='ocrx_word' id='word_1_13' title='bbox 362 717 525 786; x_wconf 72' lang='lat' dir='ltr'><strong>reddense</strong></span> <span class='ocrx_word' id='word_1_14' title='bbox 545 737 665 805; x_wconf 82' lang='lat' dir='ltr'><strong>gerere</strong></span> <span class='ocrx_word' id='word_1_15' title='bbox 684 721 969 890; x_wconf 47' lang='lat' dir='ltr'><strong>ahgipiipportat,</strong></span> <span class='ocrx_word' id='word_1_16' title='bbox 987 721 1071 792; x_wconf 87' lang='lat' dir='ltr'><strong>dum</strong></span> <span class='ocrx_word' id='word_1_17' title='bbox 1083 748 1195 816; x_wconf 83' lang='lat' dir='ltr'><strong>genua</strong></span> 
     </span>
    </p>
   </div>
   <div class='ocr_carea' id='block_1_3' title="bbox 325 1005 1119 1222">
    <p class='ocr_par' dir='ltr' id='par_1_3' title="bbox 325 1005 1119 1222">
     <span class='ocr_line' id='line_1_4' title="bbox 406 1005 1119 1126; baseline 0.006 -30"><span class='ocrx_word' id='word_1_18' title='bbox 406 1022 925 1126; x_wconf 62' lang='lat' dir='ltr'><strong>anwunnurvu</strong></span> <span class='ocrx_word' id='word_1_19' title='bbox 1068 1005 1119 1073; x_wconf 85' lang='grc'><strong>-’</strong></span> 
     </span>
     <span class='ocr_line' id='line_1_5' title="bbox 325 1143 1081 1222; baseline 0.004 -3"><span class='ocrx_word' id='word_1_20' title='bbox 325 1143 332 1154; x_wconf 90' lang='grc'><em>“</em></span> <span class='ocrx_word' id='word_1_21' title='bbox 501 1152 717 1219; x_wconf 74' lang='lat' dir='ltr'><strong>rnuLLn</strong></span> <span class='ocrx_word' id='word_1_22' title='bbox 743 1153 820 1222; x_wconf 86' lang='lat' dir='ltr'><strong>xv.</strong></span> <span class='ocrx_word' id='word_1_23' title='bbox 927 1153 989 1160; x_wconf 86' lang='grc'><strong>··</strong></span> <span class='ocrx_word' id='word_1_24' title='bbox 1077 1155 1081 1160; x_wconf 87' lang='grc'><strong><em>·</em></strong></span> 
     </span>
    </p>
   </div>
   <div class='ocr_carea' id='block_1_4' title="bbox 198 1281 1191 1379">
    <p class='ocr_par' dir='ltr' id='par_1_4' title="bbox 198 1281 1191 1379">
     <span class='ocr_line' id='line_1_6' title="bbox 198 1281 1191 1379; baseline 0.005 -33"><span class='ocrx_word' id='word_1_25' title='bbox 198 1283 327 1370; x_wconf 65' lang='lat' dir='ltr'><strong>¹,Quum</strong></span> <span class='ocrx_word' id='word_1_26' title='bbox 335 1281 495 1360; x_wconf 70' lang='lat' dir='ltr'><strong>Adonidis</strong></span> <span class='ocrx_word' id='word_1_27' title='bbox 512 1305 597 1345; x_wconf 83' lang='lat' dir='ltr'><strong>sacra</strong></span> <span class='ocrx_word' id='word_1_28' title='bbox 608 1283 759 1346; x_wconf 83' lang='lat' dir='ltr'><strong>Arsinoes</strong></span> <span class='ocrx_word' id='word_1_29' title='bbox 772 1307 847 1358; x_wconf 78' lang='lat' dir='ltr'><strong>cura</strong></span> <span class='ocrx_word' id='word_1_30' title='bbox 859 1299 892 1353; x_wconf 88' lang='lat' dir='ltr'><strong>et</strong></span> <span class='ocrx_word' id='word_1_31' title='bbox 905 1285 1063 1349; x_wconf 80' lang='lat' dir='ltr'><strong>sumtibus</strong></span> <span class='ocrx_word' id='word_1_32' title='bbox 1078 1311 1191 1379; x_wconf 76' lang='lat' dir='ltr'><strong>magna</strong></span> 
     </span>
    </p>
   </div>
   <div class='ocr_carea' id='block_1_5' title="bbox 8 1349 1191 1456">
    <p class='ocr_par' dir='ltr' id='par_1_5' title="bbox 8 1349 1191 1456">
     <span class='ocr_line' id='line_1_7' title="bbox 8 1349 1191 1456; baseline 0.001 -23"><span class='ocrx_word' id='word_1_33' title='bbox 8 1439 9 1452; x_wconf 41' lang='lat'><strong>,</strong></span> <span class='ocrx_word' id='word_1_34' title='bbox 130 1367 299 1448; x_wconf 79' lang='lat' dir='ltr'><strong>hominum</strong></span> <span class='ocrx_word' id='word_1_35' title='bbox 323 1369 511 1432; x_wconf 76' lang='lat' dir='ltr'><strong>celebritate</strong></span> <span class='ocrx_word' id='word_1_36' title='bbox 534 1366 748 1430; x_wconf 81' lang='lat' dir='ltr'><strong>Alexandriae</strong></span> <span class='ocrx_word' id='word_1_37' title='bbox 770 1377 957 1455; x_wconf 71' lang='lat' dir='ltr'><strong>agerentur,</strong></span> <span class='ocrx_word' id='word_1_38' title='bbox 986 1349 1191 1456; x_wconf 45' lang='lat' dir='ltr'><strong>1l⁸heooritus</strong></span> 
     </span>
    </p>
   </div>
   <div class='ocr_carea' id='block_1_6' title="bbox 118 1452 1189 1600">
    <p class='ocr_par' dir='ltr' id='par_1_6' title="bbox 118 1452 1189 1600">
     <span class='ocr_line' id='line_1_8' title="bbox 118 1452 1189 1600; baseline 0.004 -82"><span class='ocrx_word' id='word_1_39' title='bbox 118 1455 294 1518; x_wconf 85' lang='lat' dir='ltr'><strong>&#39;materiam</strong></span> <span class='ocrx_word' id='word_1_40' title='bbox 307 1452 385 1515; x_wconf 88' lang='lat' dir='ltr'><strong>inde</strong></span> <span class='ocrx_word' id='word_1_41' title='bbox 398 1453 553 1538; x_wconf 79' lang='lat' dir='ltr'>arripuit,</span> <span class='ocrx_word' id='word_1_42' title='bbox 574 1467 607 1516; x_wconf 89' lang='lat' dir='ltr'><strong>et</strong></span> <span class='ocrx_word' id='word_1_43' title='bbox 621 1453 721 1534; x_wconf 82' lang='lat' dir='ltr'><strong>ipsam</strong></span> <span class='ocrx_word' id='word_1_44' title='bbox 743 1453 885 1600; x_wconf 67' lang='lat' dir='ltr'><strong>reginam</strong></span> <span class='ocrx_word' id='word_1_45' title='bbox 901 1469 1068 1540; x_wconf 85' lang='lat' dir='ltr'><strong>totamque</strong></span> <span class='ocrx_word' id='word_1_46' title='bbox 1082 1460 1189 1522; x_wconf 88' lang='lat' dir='ltr'><strong>Ptole·</strong></span> 
     </span>
    </p>
   </div>
   <div class='ocr_carea' id='block_1_7' title="bbox 7 1537 1189 1712">
    <p class='ocr_par' dir='ltr' id='par_1_7' title="bbox 7 1537 1189 1712">
     <span class='ocr_line' id='line_1_9' title="bbox 7 1537 1189 1626; baseline 0.004 -24"><span class='ocrx_word' id='word_1_47' title='bbox 7 1599 8 1602; x_wconf 62' lang='lat'><strong>,</strong></span> <span class='ocrx_word' id='word_1_48' title='bbox 129 1561 293 1602; x_wconf 82' lang='lat' dir='ltr'><strong>maconnn</strong></span> <span class='ocrx_word' id='word_1_49' title='bbox 312 1539 467 1600; x_wconf 85' lang='lat' dir='ltr'><strong>familiam</strong></span> <span class='ocrx_word' id='word_1_50' title='bbox 490 1537 671 1622; x_wconf 70' lang='lat' dir='ltr'><strong>splendidis</strong></span> <span class='ocrx_word' id='word_1_51' title='bbox 692 1538 782 1600; x_wconf 84' lang='lat' dir='ltr'><strong>leudi</strong></span> <span class='ocrx_word' id='word_1_52' title='bbox 805 1562 843 1602; x_wconf 86' lang='lat' dir='ltr'><strong>ua</strong></span> <span class='ocrx_word' id='word_1_53' title='bbox 861 1545 1024 1626; x_wconf 73' lang='lat' dir='ltr'><strong>eleganter</strong></span> <span class='ocrx_word' id='word_1_54' title='bbox 1041 1545 1189 1608; x_wconf 84' lang='lat' dir='ltr'><strong>ornandi.</strong></span> 
     </span>
     <span class='ocr_line' id='line_1_10' title="bbox 7 1622 1189 1712; baseline 0.006 -29"><span class='ocrx_word' id='word_1_55' title='bbox 7 1663 8 1678; x_wconf 52' lang='lat'><em>2</em></span> <span class='ocrx_word' id='word_1_56' title='bbox 130 1623 229 1712; x_wconf 85' lang='lat' dir='ltr'><strong>Quod</strong></span> <span class='ocrx_word' id='word_1_57' title='bbox 245 1637 281 1685; x_wconf 90' lang='lat' dir='ltr'><strong>vt</strong></span> <span class='ocrx_word' id='word_1_58' title='bbox 294 1625 415 1686; x_wconf 86' lang='lat' dir='ltr'><strong>faceret</strong></span> <span class='ocrx_word' id='word_1_59' title='bbox 430 1623 462 1684; x_wconf 92' lang='lat' dir='ltr'><strong>in</strong></span> <span class='ocrx_word' id='word_1_60' title='bbox 479 1622 541 1686; x_wconf 89' lang='lat' dir='ltr'><strong>hoc</strong></span> <span class='ocrx_word' id='word_1_61' title='bbox 556 1622 687 1705; x_wconf 88' lang='lat' dir='ltr'><strong>ldyllio,</strong></span> <span class='ocrx_word' id='word_1_62' title='bbox 712 1623 790 1685; x_wconf 84' lang='lat' dir='ltr'><strong>duas</strong></span> <span class='ocrx_word' id='word_1_63' title='bbox 804 1625 1047 1689; x_wconf 81' lang='lat' dir='ltr'><strong>inferiorie&#39;loci</strong></span> <span class='ocrx_word' id='word_1_64' title='bbox 1063 1629 1189 1692; x_wconf 89' lang='lat' dir='ltr'><strong>mulier·</strong></span> 
     </span>
    </p>
   </div>
   <div class='ocr_carea' id='block_1_8' title="bbox 130 1707 1195 1796">
    <p class='ocr_par' dir='ltr' id='par_1_8' title="bbox 130 1707 1195 1796">
     <span class='ocr_line' id='line_1_11' title="bbox 130 1707 1195 1796; baseline 0.003 -25"><span class='ocrx_word' id='word_1_65' title='bbox 130 1714 217 1772; x_wconf 80' lang='lat' dir='ltr'><strong>culae</strong></span> <span class='ocrx_word' id='word_1_66' title='bbox 235 1707 398 1788; x_wconf 74' lang='lat' dir='ltr'><strong>exhibet,</strong></span> <span class='ocrx_word' id='word_1_67' title='bbox 410 1729 490 1796; x_wconf 87' lang='lat' dir='ltr'><strong>quae</strong></span> <span class='ocrx_word' id='word_1_68' title='bbox 506 1709 674 1792; x_wconf 75' lang='lat' dir='ltr'><strong>Syracusis</strong></span> <span class='ocrx_word' id='word_1_69' title='bbox 689 1723 783 1770; x_wconf 88' lang='lat' dir='ltr'><strong>natae</strong></span> <span class='ocrx_word' id='word_1_70' title='bbox 798 1723 830 1773; x_wconf 86' lang='lat' dir='ltr'><strong>et</strong></span> <span class='ocrx_word' id='word_1_71' title='bbox 846 1709 1014 1788; x_wconf 77' lang='lat' dir='ltr'><strong>educatae,</strong></span> <span class='ocrx_word' id='word_1_72' title='bbox 1040 1735 1111 1774; x_wconf 84' lang='lat' dir='ltr'><strong>cum</strong></span> <span class='ocrx_word' id='word_1_73' title='bbox 1127 1725 1195 1776; x_wconf 75' lang='lat' dir='ltr'><strong>mat.</strong></span> 
     </span>
    </p>
   </div>
   <div class='ocr_carea' id='block_1_9' title="bbox 129 1791 1307 1884">
    <p class='ocr_par' dir='ltr' id='par_1_9' title="bbox 129 1791 1307 1884">
     <span class='ocr_line' id='line_1_12' title="bbox 129 1791 1307 1884; baseline 0.003 -26"><span class='ocrx_word' id='word_1_74' title='bbox 129 1795 202 1858; x_wconf 81' lang='lat' dir='ltr'><strong>ritis</strong></span> <span class='ocrx_word' id='word_1_75' title='bbox 210 1791 434 1854; x_wconf 75' lang='lat' dir='ltr'><strong>Alexandriam</strong></span> <span class='ocrx_word' id='word_1_76' title='bbox 447 1791 624 1854; x_wconf 89' lang='lat' dir='ltr'><strong>habitatum</strong></span> <span class='ocrx_word' id='word_1_77' title='bbox 640 1809 875 1884; x_wconf 70' lang='lat' dir='ltr'><strong>conoesserant,</strong></span> <span class='ocrx_word' id='word_1_78' title='bbox 890 1809 922 1856; x_wconf 88' lang='lat' dir='ltr'><strong>et</strong></span> <span class='ocrx_word' id='word_1_79' title='bbox 935 1810 971 1858; x_wconf 86' lang='lat' dir='ltr'><strong>vt</strong></span> <span class='ocrx_word' id='word_1_80' title='bbox 984 1791 1190 1879; x_wconf 84' lang='lat' dir='ltr'><strong>splendidum</strong></span> <span class='ocrx_word' id='word_1_81' title='bbox 1300 1853 1307 1874; x_wconf 71' lang='lat'><strong>,</strong></span> 
     </span>
    </p>
   </div>
   <div class='ocr_carea' id='block_1_10' title="bbox 128 1879 1190 1970">
    <p class='ocr_par' dir='ltr' id='par_1_10' title="bbox 128 1879 1190 1970">
     <span class='ocr_line' id='line_1_13' title="bbox 128 1879 1190 1970; baseline 0.005 -30"><span class='ocrx_word' id='word_1_82' title='bbox 128 1880 205 1942; x_wconf 84' lang='lat' dir='ltr'><strong>festi</strong></span> <span class='ocrx_word' id='word_1_83' title='bbox 220 1891 409 1963; x_wconf 82' lang='lat' dir='ltr'><strong>apparatam</strong></span> <span class='ocrx_word' id='word_1_84' title='bbox 424 1891 581 1962; x_wconf 80' lang='lat' dir='ltr'><strong>spectent,</strong></span> <span class='ocrx_word' id='word_1_85' title='bbox 591 1897 654 1940; x_wconf 83' lang='lat' dir='ltr'><strong>vna</strong></span> <span class='ocrx_word' id='word_1_86' title='bbox 665 1899 740 1940; x_wconf 87' lang='lat' dir='ltr'><strong>cum</strong></span> <span class='ocrx_word' id='word_1_87' title='bbox 759 1879 886 1940; x_wconf 84' lang='lat' dir='ltr'><strong>ancillis</strong></span> <span class='ocrx_word' id='word_1_88' title='bbox 901 1879 936 1940; x_wconf 90' lang='lat' dir='ltr'><strong>in</strong></span> <span class='ocrx_word' id='word_1_89' title='bbox 951 1885 1054 1942; x_wconf 75' lang='lat' dir='ltr'><strong>erilem</strong></span> <span class='ocrx_word' id='word_1_90' title='bbox 1069 1884 1190 1970; x_wconf 72' lang='lat' dir='ltr'><strong>regiam</strong></span> 
     </span>
    </p>
   </div>
   <div class='ocr_carea' id='block_1_11' title="bbox 7 1963 1191 2030">
    <p class='ocr_par' dir='ltr' id='par_1_11' title="bbox 7 1963 1191 2030">
     <span class='ocr_line' id='line_1_14' title="bbox 7 1963 1191 2030; baseline 0.005 -6"><span class='ocrx_word' id='word_1_91' title='bbox 7 2001 8 2016; x_wconf 32' lang='grc' dir='ltr'><strong>κ</strong></span> <span class='ocrx_word' id='word_1_92' title='bbox 128 1985 199 2028; x_wconf 81' lang='lat' dir='ltr'><strong>sese</strong></span> <span class='ocrx_word' id='word_1_93' title='bbox 214 1965 399 2027; x_wconf 83' lang='lat' dir='ltr'><strong>conferunt.</strong></span> <span class='ocrx_word' id='word_1_94' title='bbox 441 1963 553 2026; x_wconf 77' lang='lat' dir='ltr'><strong>Plures</strong></span> <span class='ocrx_word' id='word_1_95' title='bbox 575 1963 673 2023; x_wconf 80' lang='lat' dir='ltr'><strong>huius</strong></span> <span class='ocrx_word' id='word_1_96' title='bbox 692 1963 841 2024; x_wconf 86' lang='lat' dir='ltr'><strong>carminis</strong></span> <span class='ocrx_word' id='word_1_97' title='bbox 855 1965 1100 2030; x_wconf 84' lang='lat' dir='ltr'><strong>constituendae</strong></span> <span class='ocrx_word' id='word_1_98' title='bbox 1112 1983 1191 2030; x_wconf 82' lang='lat' dir='ltr'><strong>aunt</strong></span> 
     </span>
    </p>
   </div>
   <div class='ocr_carea' id='block_1_12' title="bbox 6 2045 1192 2559">
    <p class='ocr_par' dir='ltr' id='par_1_12' title="bbox 6 2045 1192 2476">
     <span class='ocr_line' id='line_1_15' title="bbox 127 2045 1189 2136; baseline 0.005 -26"><span class='ocrx_word' id='word_1_99' title='bbox 127 2063 235 2132; x_wconf 79' lang='lat' dir='ltr'><strong>partes</strong></span> <span class='ocrx_word' id='word_1_100' title='bbox 249 2049 318 2111; x_wconf 84' lang='lat' dir='ltr'><strong>aive</strong></span> <span class='ocrx_word' id='word_1_101' title='bbox 332 2070 455 2123; x_wconf 82' lang='lat' dir='ltr'><strong>scenae,</strong></span> <span class='ocrx_word' id='word_1_102' title='bbox 476 2069 609 2135; x_wconf 84' lang='lat' dir='ltr'><strong>quarum</strong></span> <span class='ocrx_word' id='word_1_103' title='bbox 622 2047 725 2132; x_wconf 86' lang='lat' dir='ltr'><strong>prima</strong></span> <span class='ocrx_word' id='word_1_104' title='bbox 740 2045 967 2112; x_wconf 78' lang='lat' dir='ltr'><strong>iuPraxinoea</strong></span> <span class='ocrx_word' id='word_1_105' title='bbox 982 2051 1089 2136; x_wconf 82' lang='lat' dir='ltr'><strong>agitur</strong></span> <span class='ocrx_word' id='word_1_106' title='bbox 1102 2053 1189 2115; x_wconf 84' lang='lat' dir='ltr'><strong>aedi-</strong></span> 
     </span>
     <span class='ocr_line' id='line_1_16' title="bbox 126 2131 1192 2218; baseline 0 -24"><span class='ocrx_word' id='word_1_107' title='bbox 126 2133 206 2210; x_wconf 85' lang='lat' dir='ltr'><strong>bus,</strong></span> <span class='ocrx_word' id='word_1_108' title='bbox 233 2154 299 2217; x_wconf 90' lang='lat' dir='ltr'><strong>quo</strong></span> <span class='ocrx_word' id='word_1_109' title='bbox 314 2133 425 2218; x_wconf 84' lang='lat' dir='ltr'><strong>Gorgo</strong></span> <span class='ocrx_word' id='word_1_110' title='bbox 445 2131 556 2209; x_wconf 87' lang='lat' dir='ltr'><strong>venit,</strong></span> <span class='ocrx_word' id='word_1_111' title='bbox 579 2147 615 2196; x_wconf 81' lang='lat' dir='ltr'><strong>vt</strong></span> <span class='ocrx_word' id='word_1_112' title='bbox 629 2131 762 2194; x_wconf 87' lang='lat' dir='ltr'><strong>amicam</strong></span> <span class='ocrx_word' id='word_1_113' title='bbox 787 2149 931 2196; x_wconf 81' lang='lat' dir='ltr'><strong>arcessat.</strong></span> <span class='ocrx_word' id='word_1_114' title='bbox 952 2171 997 2192; x_wconf 78' lang='lat'><em>-</em></span> <span class='ocrx_word' id='word_1_115' title='bbox 1038 2135 1192 2212; x_wconf 62' lang='lat' dir='ltr'><strong>43..Poat</strong></span> 
     </span>
     <span class='ocr_line' id='line_1_17' title="bbox 127 2217 1189 2318; baseline 0.005 -38"><span class='ocrx_word' id='word_1_116' title='bbox 127 2218 235 2281; x_wconf 80' lang='lat' dir='ltr'><strong>varios</strong></span> <span class='ocrx_word' id='word_1_117' title='bbox 258 2239 437 2294; x_wconf 73' lang='lat' dir='ltr'><strong>sermones,</strong></span> <span class='ocrx_word' id='word_1_118' title='bbox 461 2221 569 2318; x_wconf 68' lang='lat' dir='ltr'><strong>quales</strong></span> <span class='ocrx_word' id='word_1_119' title='bbox 589 2217 676 2279; x_wconf 90' lang='lat' dir='ltr'><strong>inter</strong></span> <span class='ocrx_word' id='word_1_120' title='bbox 698 2217 849 2290; x_wconf 83' lang='lat' dir='ltr'><strong>mulieres</strong></span> <span class='ocrx_word' id='word_1_121' title='bbox 864 2217 977 2282; x_wconf 88' lang='lat' dir='ltr'><strong>haberi</strong></span> <span class='ocrx_word' id='word_1_122' title='bbox 995 2226 1116 2300; x_wconf 82' lang='lat' dir='ltr'><strong>solent,</strong></span> <span class='ocrx_word' id='word_1_123' title='bbox 1140 2245 1189 2285; x_wconf 89' lang='lat' dir='ltr'><strong>re·</strong></span> 
     </span>
     <span class='ocr_line' id='line_1_18' title="bbox 127 2301 1190 2386; baseline 0.007 -22"><span class='ocrx_word' id='word_1_124' title='bbox 127 2303 188 2364; x_wconf 78' lang='lat' dir='ltr'><strong>bus</strong></span> <span class='ocrx_word' id='word_1_125' title='bbox 201 2301 292 2366; x_wconf 89' lang='lat' dir='ltr'><strong>domi</strong></span> <span class='ocrx_word' id='word_1_126' title='bbox 308 2304 513 2386; x_wconf 78' lang='lat' dir='ltr'><strong>compositu,</strong></span> <span class='ocrx_word' id='word_1_127' title='bbox 536 2301 645 2365; x_wconf 87' lang='lat' dir='ltr'><strong>ambae</strong></span> <span class='ocrx_word' id='word_1_128' title='bbox 667 2302 793 2363; x_wconf 82' lang='lat' dir='ltr'><strong>ancillis</strong></span> <span class='ocrx_word' id='word_1_129' title='bbox 809 2303 1037 2366; x_wconf 84' lang='lat' dir='ltr'><strong>comitantibus</strong></span> <span class='ocrx_word' id='word_1_130' title='bbox 1052 2306 1087 2367; x_wconf 92' lang='lat' dir='ltr'><strong>in</strong></span> <span class='ocrx_word' id='word_1_131' title='bbox 1102 2307 1190 2372; x_wconf 83' lang='lat' dir='ltr'><strong>viam</strong></span> 
     </span>
     <span class='ocr_line' id='line_1_19' title="bbox 6 2381 1188 2476; baseline 0.004 -27"><span class='ocrx_word' id='word_1_132' title='bbox 6 2447 7 2464; x_wconf 62' lang='lat'><strong>,</strong></span> <span class='ocrx_word' id='word_1_133' title='bbox 150 2381 293 2450; x_wconf 81' lang='lat' dir='ltr'><strong>ublicam</strong></span> <span class='ocrx_word' id='word_1_134' title='bbox 303 2387 487 2470; x_wconf 83' lang='lat' dir='ltr'><strong>prodeunt,</strong></span> <span class='ocrx_word' id='word_1_135' title='bbox 509 2385 566 2449; x_wconf 80' lang='lat' dir='ltr'><strong>abi</strong></span> <span class='ocrx_word' id='word_1_136' title='bbox 581 2385 753 2450; x_wconf 85' lang='lat' dir='ltr'><strong>illisturba</strong></span> <span class='ocrx_word' id='word_1_137' title='bbox 765 2386 932 2450; x_wconf 89' lang='lat' dir='ltr'><strong>hominum</strong></span> <span class='ocrx_word' id='word_1_138' title='bbox 947 2387 1094 2476; x_wconf 73' lang='lat' dir='ltr'><strong>undique</strong></span> <span class='ocrx_word' id='word_1_139' title='bbox 1112 2413 1188 2454; x_wconf 87' lang='lat' dir='ltr'><strong>con·</strong></span> 
     </span>
    </p>

    <p class='ocr_par' dir='ltr' id='par_1_13' title="bbox 126 2409 1191 2559">
     <span class='ocr_line' id='line_1_20' title="bbox 126 2409 1191 2559; baseline 0.006 -25"><span class='ocrx_word' id='word_1_140' title='bbox 126 2409 301 2535; x_wconf 68' lang='lat' dir='ltr'><strong>direntium</strong></span> <span class='ocrx_word' id='word_1_141' title='bbox 314 2485 494 2554; x_wconf 73' lang='lat' dir='ltr'><strong>stuporem,</strong></span> <span class='ocrx_word' id='word_1_142' title='bbox 518 2473 594 2559; x_wconf 87' lang='lat' dir='ltr'><strong>eqni</strong></span> <span class='ocrx_word' id='word_1_143' title='bbox 614 2472 697 2558; x_wconf 79' lang='lat' dir='ltr'><strong>regia</strong></span> <span class='ocrx_word' id='word_1_144' title='bbox 717 2472 803 2535; x_wconf 82' lang='lat' dir='ltr'><strong>forte</strong></span> <span class='ocrx_word' id='word_1_145' title='bbox 820 2482 1191 2540; x_wconf 71' lang='lat' dir='ltr'><strong>oecunantuterrorem·</strong></span> 
     </span>
    </p>
   </div>
   <div class='ocr_carea' id='block_1_13' title="bbox 6 2554 1189 2640">
    <p class='ocr_par' dir='ltr' id='par_1_14' title="bbox 6 2554 1189 2640">
     <span class='ocr_line' id='line_1_21' title="bbox 6 2554 1189 2640; baseline 0.006 -22"><span class='ocrx_word' id='word_1_146' title='bbox 6 2591 7 2596; x_wconf 19' lang='grc' dir='ltr'><strong><em>κ</em></strong></span> <span class='ocrx_word' id='word_1_147' title='bbox 126 2554 307 2620; x_wconf 83' lang='lat' dir='ltr'><strong>incutiunt.</strong></span> <span class='ocrx_word' id='word_1_148' title='bbox 362 2557 514 2640; x_wconf 67' lang='lat' dir='ltr'><strong>Sequitur</strong></span> <span class='ocrx_word' id='word_1_149' title='bbox 531 2555 639 2620; x_wconf 80' lang='lat' dir='ltr'><strong>brev&#39;is</strong></span> <span class='ocrx_word' id='word_1_150' title='bbox 664 2579 735 2618; x_wconf 90' lang='lat' dir='ltr'><strong>cum</strong></span> <span class='ocrx_word' id='word_1_151' title='bbox 756 2562 865 2620; x_wconf 84' lang='lat' dir='ltr'><strong>vetula</strong></span> <span class='ocrx_word' id='word_1_152' title='bbox 886 2558 1014 2622; x_wconf 78' lang='lat' dir='ltr'><strong>obviam</strong></span> <span class='ocrx_word' id='word_1_153' title='bbox 1036 2559 1079 2622; x_wconf 86' lang='lat' dir='ltr'><strong>iis</strong></span> <span class='ocrx_word' id='word_1_154' title='bbox 1102 2559 1189 2624; x_wconf 67' lang='lat' dir='ltr'><strong>facta</strong></span> 
     </span>
    </p>
   </div>
   <div class='ocr_carea' id='block_1_14' title="bbox 122 2639 1252 3507">
    <p class='ocr_par' dir='ltr' id='par_1_15' title="bbox 122 2639 1252 3507">
     <span class='ocr_line' id='line_1_22' title="bbox 125 2639 1188 2724; baseline 0.002 -18"><span class='ocrx_word' id='word_1_155' title='bbox 125 2641 362 2706; x_wconf 78' lang='lat' dir='ltr'><strong>confabulatio.</strong></span> <span class='ocrx_word' id='word_1_156' title='bbox 385 2673 427 2690; x_wconf 66' lang='lat'><strong>⁴-</strong></span> <span class='ocrx_word' id='word_1_157' title='bbox 454 2641 505 2707; x_wconf 82' lang='grc'><strong>64.</strong></span> <span class='ocrx_word' id='word_1_158' title='bbox 526 2643 595 2705; x_wconf 86' lang='lat' dir='ltr'><strong>Iam</strong></span> <span class='ocrx_word' id='word_1_159' title='bbox 613 2641 649 2703; x_wconf 87' lang='lat' dir='ltr'><strong>in</strong></span> <span class='ocrx_word' id='word_1_160' title='bbox 663 2639 770 2724; x_wconf 81' lang='lat' dir='ltr'><strong>regiae</strong></span> <span class='ocrx_word' id='word_1_161' title='bbox 785 2649 876 2724; x_wconf 84' lang='lat' dir='ltr'><strong>porta</strong></span> <span class='ocrx_word' id='word_1_162' title='bbox 891 2643 926 2704; x_wconf 90' lang='lat' dir='ltr'><strong>in</strong></span> <span class='ocrx_word' id='word_1_163' title='bbox 940 2643 1107 2706; x_wconf 86' lang='lat' dir='ltr'><strong>hominum</strong></span> <span class='ocrx_word' id='word_1_164' title='bbox 1122 2661 1188 2708; x_wconf 87' lang='lat' dir='ltr'><strong>tur·</strong></span> 
     </span>
     <span class='ocr_line' id='line_1_23' title="bbox 125 2724 1188 2814; baseline 0.006 -26"><span class='ocrx_word' id='word_1_165' title='bbox 125 2727 165 2796; x_wconf 83' lang='lat' dir='ltr'><strong>ba</strong></span> <span class='ocrx_word' id='word_1_166' title='bbox 178 2727 296 2789; x_wconf 82' lang='lat' dir='ltr'><strong>misere</strong></span> <span class='ocrx_word' id='word_1_167' title='bbox 319 2730 498 2806; x_wconf 89' lang='lat' dir='ltr'><strong>luctantur,</strong></span> <span class='ocrx_word' id='word_1_168' title='bbox 522 2743 555 2790; x_wconf 91' lang='lat' dir='ltr'><strong>et</strong></span> <span class='ocrx_word' id='word_1_169' title='bbox 568 2747 661 2814; x_wconf 88' lang='lat' dir='ltr'><strong>aegre</strong></span> <span class='ocrx_word' id='word_1_170' title='bbox 672 2724 817 2802; x_wconf 86' lang='lat' dir='ltr'><strong>tandem,</strong></span> <span class='ocrx_word' id='word_1_171' title='bbox 841 2727 957 2814; x_wconf 89' lang='lat' dir='ltr'><strong>ignoto</strong></span> <span class='ocrx_word' id='word_1_172' title='bbox 975 2727 1112 2812; x_wconf 82' lang='lat' dir='ltr'><strong>quodam</strong></span> <span class='ocrx_word' id='word_1_173' title='bbox 1129 2729 1188 2794; x_wconf 79' lang='lat' dir='ltr'><strong>lao-</strong></span> 
     </span>
     <span class='ocr_line' id='line_1_24' title="bbox 126 2813 1189 2899; baseline 0.004 -25"><span class='ocrx_word' id='word_1_174' title='bbox 126 2815 213 2876; x_wconf 86' lang='lat' dir='ltr'><strong>mine</strong></span> <span class='ocrx_word' id='word_1_175' title='bbox 228 2833 325 2896; x_wconf 86' lang='lat' dir='ltr'><strong>opem</strong></span> <span class='ocrx_word' id='word_1_176' title='bbox 362 2827 537 2892; x_wconf 84' lang='lat' dir='ltr'><strong>raestante,</strong></span> <span class='ocrx_word' id='word_1_177' title='bbox 562 2813 598 2874; x_wconf 87' lang='lat' dir='ltr'><strong>ia</strong></span> <span class='ocrx_word' id='word_1_178' title='bbox 614 2833 686 2874; x_wconf 89' lang='lat' dir='ltr'><strong>eum</strong></span> <span class='ocrx_word' id='word_1_179' title='bbox 697 2814 805 2872; x_wconf 85' lang='lat' dir='ltr'><strong>locum</strong></span> <span class='ocrx_word' id='word_1_180' title='bbox 819 2827 1006 2899; x_wconf 85' lang='lat' dir='ltr'><strong>penetrant,</strong></span> <span class='ocrx_word' id='word_1_181' title='bbox 1031 2815 1086 2877; x_wconf 86' lang='lat' dir='ltr'><strong>vbi</strong></span> <span class='ocrx_word' id='word_1_182' title='bbox 1102 2813 1189 2878; x_wconf 78' lang='lat' dir='ltr'><strong>Ado·</strong></span> 
     </span>
     <span class='ocr_line' id='line_1_25' title="bbox 125 2834 1188 2984; baseline 0.004 -26"><span class='ocrx_word' id='word_1_183' title='bbox 125 2896 214 2959; x_wconf 78' lang='lat' dir='ltr'><strong>nidis</strong></span> <span class='ocrx_word' id='word_1_184' title='bbox 231 2834 429 2960; x_wconf 70' lang='lat' dir='ltr'><strong>secrodunt.</strong></span> <span class='ocrx_word' id='word_1_185' title='bbox 450 2931 492 2948; x_wconf 91' lang='lat'>-</span> <span class='ocrx_word' id='word_1_186' title='bbox 515 2919 564 2979; x_wconf 76' lang='lat'><strong>77.</strong></span> <span class='ocrx_word' id='word_1_187' title='bbox 589 2897 626 2960; x_wconf 89' lang='lat' dir='ltr'><strong>ln</strong></span> <span class='ocrx_word' id='word_1_188' title='bbox 641 2897 710 2981; x_wconf 78' lang='lat' dir='ltr'><strong>ipsa</strong></span> <span class='ocrx_word' id='word_1_189' title='bbox 727 2895 868 2982; x_wconf 88' lang='lat' dir='ltr'><strong>denique</strong></span> <span class='ocrx_word' id='word_1_190' title='bbox 883 2899 981 2984; x_wconf 85' lang='lat' dir='ltr'><strong>regia,</strong></span> <span class='ocrx_word' id='word_1_191' title='bbox 1006 2897 1082 2960; x_wconf 89' lang='lat' dir='ltr'><strong>dum</strong></span> <span class='ocrx_word' id='word_1_192' title='bbox 1100 2900 1188 2962; x_wconf 83' lang='lat' dir='ltr'><strong>Ado·</strong></span> 
     </span>
     <span class='ocr_line' id='line_1_26' title="bbox 123 2979 1252 3070; baseline 0 -28"><span class='ocrx_word' id='word_1_193' title='bbox 123 2982 211 3044; x_wconf 82' lang='lat' dir='ltr'><strong>nidrs</strong></span> <span class='ocrx_word' id='word_1_194' title='bbox 238 2980 285 3042; x_wconf 90' lang='lat' dir='ltr'><strong>ibi</strong></span> <span class='ocrx_word' id='word_1_195' title='bbox 307 2981 487 3064; x_wconf 78' lang='lat' dir='ltr'><strong>expositam</strong></span> <span class='ocrx_word' id='word_1_196' title='bbox 505 2981 696 3068; x_wconf 79' lang='lat' dir='ltr'><strong>imaginem,</strong></span> <span class='ocrx_word' id='word_1_197' title='bbox 722 2979 798 3042; x_wconf 85' lang='lat' dir='ltr'><strong>dum</strong></span> <span class='ocrx_word' id='word_1_198' title='bbox 820 2987 1032 3070; x_wconf 81' lang='lat' dir='ltr'><strong>stragularum</strong></span> <span class='ocrx_word' id='word_1_199' title='bbox 1051 2985 1187 3048; x_wconf 82' lang='lat' dir='ltr'><strong>vettium</strong></span> <span class='ocrx_word' id='word_1_200' title='bbox 1246 3029 1252 3042; x_wconf 88' lang='lat'><strong>.</strong></span> 
     </span>
     <span class='ocr_line' id='line_1_27' title="bbox 122 3065 1188 3158; baseline 0.007 -32"><span class='ocrx_word' id='word_1_201' title='bbox 122 3065 309 3152; x_wconf 81' lang='lat' dir='ltr'><strong>reliquique</strong></span> <span class='ocrx_word' id='word_1_202' title='bbox 334 3081 465 3128; x_wconf 88' lang='lat' dir='ltr'><strong>ornatus</strong></span> <span class='ocrx_word' id='word_1_203' title='bbox 494 3067 785 3152; x_wconf 83' lang='lat' dir='ltr'><strong>magnificentiam,</strong></span> <span class='ocrx_word' id='word_1_204' title='bbox 820 3065 895 3128; x_wconf 83' lang='lat' dir='ltr'><strong>(lum</strong></span> <span class='ocrx_word' id='word_1_205' title='bbox 917 3069 1025 3130; x_wconf 87' lang='lat' dir='ltr'><strong>omnia</strong></span> <span class='ocrx_word' id='word_1_206' title='bbox 1048 3066 1188 3158; x_wconf 86' lang='lat' dir='ltr'><strong>denique</strong></span> 
     </span>
     <span class='ocr_line' id='line_1_28' title="bbox 122 3149 1188 3236; baseline 0.006 -24"><span class='ocrx_word' id='word_1_207' title='bbox 122 3151 338 3229; x_wconf 67' lang='lat' dir='ltr'><strong>admirantur,</strong></span> <span class='ocrx_word' id='word_1_208' title='bbox 356 3149 394 3212; x_wconf 88' lang='lat' dir='ltr'><strong>de</strong></span> <span class='ocrx_word' id='word_1_209' title='bbox 410 3151 560 3216; x_wconf 78' lang='lat' dir='ltr'><strong>omnibus</strong></span> <span class='ocrx_word' id='word_1_210' title='bbox 576 3151 731 3236; x_wconf 87' lang='lat' dir='ltr'><strong>garriunt,</strong></span> <span class='ocrx_word' id='word_1_211' title='bbox 756 3150 922 3212; x_wconf 82' lang='lat' dir='ltr'><strong>altercatio</strong></span> <span class='ocrx_word' id='word_1_212' title='bbox 938 3152 978 3212; x_wconf 83' lang='lat' dir='ltr'><strong>iia</strong></span> <span class='ocrx_word' id='word_1_213' title='bbox 997 3152 1101 3215; x_wconf 85' lang='lat' dir='ltr'><strong>oritur</strong></span> <span class='ocrx_word' id='word_1_214' title='bbox 1115 3178 1188 3218; x_wconf 88' lang='lat' dir='ltr'><strong>oum</strong></span> 
     </span>
     <span class='ocr_line' id='line_1_29' title="bbox 122 3233 1188 3325; baseline 0.008 -29"><span class='ocrx_word' id='word_1_215' title='bbox 122 3251 308 3320; x_wconf 78' lang='lat' dir='ltr'><strong>spectatore</strong></span> <span class='ocrx_word' id='word_1_216' title='bbox 321 3233 469 3322; x_wconf 80' lang='lat' dir='ltr'><strong>quedam,</strong></span> <span class='ocrx_word' id='word_1_217' title='bbox 493 3233 725 3298; x_wconf 85' lang='lat' dir='ltr'><strong>intolerabilem</strong></span> <span class='ocrx_word' id='word_1_218' title='bbox 740 3254 847 3296; x_wconf 83' lang='lat' dir='ltr'><strong>aarum</strong></span> <span class='ocrx_word' id='word_1_219' title='bbox 863 3235 1081 3320; x_wconf 85' lang='lat' dir='ltr'><strong>garrulitatem</strong></span> <span class='ocrx_word' id='word_1_220' title='bbox 1094 3261 1188 3325; x_wconf 84' lang='lat' dir='ltr'><strong>aegre</strong></span> 
     </span>
     <span class='ocr_line' id='line_1_30' title="bbox 122 3317 1189 3406; baseline 0.007 -25"><span class='ocrx_word' id='word_1_221' title='bbox 122 3323 262 3384; x_wconf 80' lang='lat' dir='ltr'><strong>serente.</strong></span> <span class='ocrx_word' id='word_1_222' title='bbox 285 3351 327 3368; x_wconf 92' lang='lat'><strong>·-</strong></span> <span class='ocrx_word' id='word_1_223' title='bbox 355 3317 407 3406; x_wconf 83' lang='lat'><strong>95.</strong></span> <span class='ocrx_word' id='word_1_224' title='bbox 431 3321 665 3384; x_wconf 84' lang='lat' dir='ltr'><strong>Conticescunt</strong></span> <span class='ocrx_word' id='word_1_225' title='bbox 684 3317 831 3396; x_wconf 86' lang='lat' dir='ltr'><strong>tandem,</strong></span> <span class='ocrx_word' id='word_1_226' title='bbox 855 3335 892 3386; x_wconf 86' lang='lat' dir='ltr'><strong>vt</strong></span> <span class='ocrx_word' id='word_1_227' title='bbox 912 3341 1037 3384; x_wconf 86' lang='lat' dir='ltr'><strong>carmen</strong></span> <span class='ocrx_word' id='word_1_228' title='bbox 1053 3321 1189 3388; x_wconf 82' lang='lat' dir='ltr'><strong>audiant</strong></span> 
     </span>
     <span class='ocr_line' id='line_1_31' title="bbox 122 3403 1188 3507; baseline 0.006 -43"><span class='ocrx_word' id='word_1_229' title='bbox 122 3407 155 3484; x_wconf 84' lang='lat' dir='ltr'><strong>in</strong></span> <span class='ocrx_word' id='word_1_230' title='bbox 178 3405 343 3468; x_wconf 87' lang='lat' dir='ltr'><strong>honorem</strong></span> <span class='ocrx_word' id='word_1_231' title='bbox 364 3404 524 3468; x_wconf 82' lang='lat' dir='ltr'><strong>Adonidis</strong></span> <span class='ocrx_word' id='word_1_232' title='bbox 548 3403 779 3487; x_wconf 81' lang='lat' dir='ltr'><strong>compositum,</strong></span> <span class='ocrx_word' id='word_1_233' title='bbox 814 3403 902 3490; x_wconf 88' lang='lat' dir='ltr'><strong>quod</strong></span> <span class='ocrx_word' id='word_1_234' title='bbox 926 3403 1010 3467; x_wconf 87' lang='lat' dir='ltr'><strong>idem</strong></span> <span class='ocrx_word' id='word_1_235' title='bbox 1033 3407 1188 3507; x_wconf 77' lang='lat' dir='ltr'><strong>Arsinpea</strong></span> 
     </span>
    </p>
   </div>
   <div class='ocr_carea' id='block_1_15' title="bbox 6 3487 1188 3576">
    <p class='ocr_par' dir='ltr' id='par_1_16' title="bbox 6 3487 1188 3576">
     <span class='ocr_line' id='line_1_32' title="bbox 6 3487 1188 3576; baseline 0.003 -24"><span class='ocrx_word' id='word_1_236' title='bbox 6 3501 7 3510; x_wconf 76' lang='grc'>’</span> <span class='ocrx_word' id='word_1_237' title='bbox 120 3491 362 3574; x_wconf 83' lang='lat' dir='ltr'><strong>Berenicesque</strong></span> <span class='ocrx_word' id='word_1_238' title='bbox 383 3489 495 3553; x_wconf 84' lang='lat' dir='ltr'><strong>laudes</strong></span> <span class='ocrx_word' id='word_1_239' title='bbox 519 3489 754 3572; x_wconf 86' lang='lat' dir='ltr'><strong>complectitur.</strong></span> <span class='ocrx_word' id='word_1_240' title='bbox 776 3525 821 3538; x_wconf 88' lang='lat'><strong>--</strong></span> <span class='ocrx_word' id='word_1_241' title='bbox 856 3487 924 3554; x_wconf 82' lang='lat'><strong>146.</strong></span> <span class='ocrx_word' id='word_1_242' title='bbox 948 3489 1024 3576; x_wconf 87' lang='lat' dir='ltr'><strong>Quo</strong></span> <span class='ocrx_word' id='word_1_243' title='bbox 1047 3513 1188 3556; x_wconf 76' lang='lat' dir='ltr'><strong>carmine</strong></span> 
     </span>
    </p>
   </div>
   <div class='ocr_carea' id='block_1_16' title="bbox 121 3570 1188 3662">
    <p class='ocr_par' dir='ltr' id='par_1_17' title="bbox 121 3570 1188 3662">
     <span class='ocr_line' id='line_1_33' title="bbox 121 3570 1188 3662; baseline 0.006 -28"><span class='ocrx_word' id='word_1_244' title='bbox 121 3574 218 3637; x_wconf 84' lang='lat' dir='ltr'><strong>linito</strong></span> <span class='ocrx_word' id='word_1_245' title='bbox 237 3589 316 3658; x_wconf 85' lang='lat' dir='ltr'><strong>post</strong></span> <span class='ocrx_word' id='word_1_246' title='bbox 329 3573 440 3637; x_wconf 83' lang='lat' dir='ltr'><strong>laudea</strong></span> <span class='ocrx_word' id='word_1_247' title='bbox 462 3573 630 3636; x_wconf 86' lang='lat' dir='ltr'><strong>cantatrioi</strong></span> <span class='ocrx_word' id='word_1_248' title='bbox 650 3570 786 3634; x_wconf 85' lang='lat' dir='ltr'><strong>tributas</strong></span> <span class='ocrx_word' id='word_1_249' title='bbox 802 3572 931 3638; x_wconf 84' lang='lat' dir='ltr'><strong>domurn</strong></span> <span class='ocrx_word' id='word_1_250' title='bbox 946 3573 1051 3638; x_wconf 88' lang='lat' dir='ltr'><strong>redire</strong></span> <span class='ocrx_word' id='word_1_251' title='bbox 1063 3592 1188 3662; x_wconf 86' lang='lat' dir='ltr'><strong>parant.</strong></span> 
     </span>
    </p>
   </div>
   <div class='ocr_carea' id='block_1_17' title="bbox 118 3656 1189 4168">
    <p class='ocr_par' dir='ltr' id='par_1_18' title="bbox 118 3656 1189 4168">
     <span class='ocr_line' id='line_1_34' title="bbox 118 3656 1189 3747; baseline 0.002 -27"><span class='ocrx_word' id='word_1_252' title='bbox 118 3693 163 3708; x_wconf 90' lang='lat'>—</span> <span class='ocrx_word' id='word_1_253' title='bbox 184 3661 214 3720; x_wconf 88' lang='lat' dir='ltr'>E</span> <span class='ocrx_word' id='word_1_254' title='bbox 240 3658 367 3743; x_wconf 88' lang='lat' dir='ltr'><strong>regium</strong></span> <span class='ocrx_word' id='word_1_255' title='bbox 382 3681 507 3742; x_wconf 88' lang='lat' dir='ltr'><strong>poema,</strong></span> <span class='ocrx_word' id='word_1_256' title='bbox 520 3675 589 3721; x_wconf 89' lang='lat' dir='ltr'><strong>tum</strong></span> <span class='ocrx_word' id='word_1_257' title='bbox 605 3656 646 3720; x_wconf 89' lang='lat' dir='ltr'><strong>ob</strong></span> <span class='ocrx_word' id='word_1_258' title='bbox 660 3657 829 3722; x_wconf 82' lang='lat' dir='ltr'><strong>veritatem</strong></span> <span class='ocrx_word' id='word_1_259' title='bbox 841 3675 873 3722; x_wconf 86' lang='lat' dir='ltr'><strong>at</strong></span> <span class='ocrx_word' id='word_1_260' title='bbox 888 3659 1112 3738; x_wconf 83' lang='lat' dir='ltr'><strong>festivitatem,</strong></span> <span class='ocrx_word' id='word_1_261' title='bbox 1126 3683 1189 3747; x_wconf 85' lang='lat' dir='ltr'><strong>qua</strong></span> 
     </span>
     <span class='ocr_line' id='line_1_35' title="bbox 118 3683 1189 3828; baseline 0.001 -21"><span class='ocrx_word' id='word_1_262' title='bbox 118 3683 295 3807; x_wconf 67' lang='lat' dir='ltr'><strong>amiciris</strong></span> <span class='ocrx_word' id='word_1_263' title='bbox 310 3741 436 3806; x_wconf 86' lang='lat' dir='ltr'><strong>indoles</strong></span> <span class='ocrx_word' id='word_1_264' title='bbox 450 3757 720 3827; x_wconf 60' lang='lat' dir='ltr'><strong>repraesentatum</strong></span> <span class='ocrx_word' id='word_1_265' title='bbox 744 3759 813 3806; x_wconf 89' lang='lat' dir='ltr'><strong>tum</strong></span> <span class='ocrx_word' id='word_1_266' title='bbox 829 3743 869 3806; x_wconf 90' lang='lat' dir='ltr'><strong>ob</strong></span> <span class='ocrx_word' id='word_1_267' title='bbox 884 3765 988 3828; x_wconf 80' lang='lat' dir='ltr'><strong>rerum</strong></span> <span class='ocrx_word' id='word_1_268' title='bbox 1001 3747 1189 3808; x_wconf 82' lang='lat' dir='ltr'><strong>varietatem</strong></span> 
     </span>
     <span class='ocr_line' id='line_1_36' title="bbox 120 3823 1188 3916; baseline 0 -26"><span class='ocrx_word' id='word_1_269' title='bbox 120 3829 201 3890; x_wconf 89' lang='lat' dir='ltr'><strong>orbe</strong></span> <span class='ocrx_word' id='word_1_270' title='bbox 219 3830 302 3890; x_wconf 85' lang='lat' dir='ltr'><strong>satia</strong></span> <span class='ocrx_word' id='word_1_271' title='bbox 326 3827 446 3916; x_wconf 75' lang='lat' dir='ltr'><strong>exigno</strong></span> <span class='ocrx_word' id='word_1_272' title='bbox 469 3823 705 3901; x_wconf 77' lang='lat' dir='ltr'><strong>exhibitarurn3</strong></span> <span class='ocrx_word' id='word_1_273' title='bbox 750 3843 819 3890; x_wconf 87' lang='lat' dir='ltr'><strong>tum</strong></span> <span class='ocrx_word' id='word_1_274' title='bbox 841 3827 981 3913; x_wconf 81' lang='lat' dir='ltr'><strong>(lenique</strong></span> <span class='ocrx_word' id='word_1_275' title='bbox 1003 3827 1045 3890; x_wconf 90' lang='lat' dir='ltr'><strong>ob</strong></span> <span class='ocrx_word' id='word_1_276' title='bbox 1064 3833 1188 3915; x_wconf 87' lang='lat' dir='ltr'><strong>elegan-</strong></span> 
     </span>
     <span class='ocr_line' id='line_1_37' title="bbox 120 3910 1189 3998; baseline 0.002 -24"><span class='ocrx_word' id='word_1_277' title='bbox 120 3911 220 3991; x_wconf 85' lang='lat' dir='ltr'><strong>tiam,</strong></span> <span class='ocrx_word' id='word_1_278' title='bbox 245 3931 314 3998; x_wconf 88' lang='lat' dir='ltr'><strong>qua</strong></span> <span class='ocrx_word' id='word_1_279' title='bbox 337 3913 441 3998; x_wconf 87' lang='lat' dir='ltr'><strong>regiae</strong></span> <span class='ocrx_word' id='word_1_280' title='bbox 464 3913 606 3976; x_wconf 79' lang='lat' dir='ltr'><strong>familiae</strong></span> <span class='ocrx_word' id='word_1_281' title='bbox 622 3910 733 3974; x_wconf 84' lang='lat' dir='ltr'><strong>laudes</strong></span> <span class='ocrx_word' id='word_1_282' title='bbox 745 3913 888 3976; x_wconf 81' lang='lat' dir='ltr'><strong>attexuit</strong></span> <span class='ocrx_word' id='word_1_283' title='bbox 905 3928 1027 3976; x_wconf 84' lang='lat' dir='ltr'><strong>auctor.</strong></span> <span class='ocrx_word' id='word_1_284' title='bbox 1051 3949 1093 3960; x_wconf 90' lang='lat'>-</span> <span class='ocrx_word' id='word_1_285' title='bbox 1124 3917 1189 3981; x_wconf 85' lang='lat' dir='ltr'><strong>To·</strong></span> 
     </span>
     <span class='ocr_line' id='line_1_38' title="bbox 119 3993 1187 4082; baseline 0.006 -24"><span class='ocrx_word' id='word_1_286' title='bbox 119 4012 189 4060; x_wconf 84' lang='lat' dir='ltr'><strong>turn</strong></span> <span class='ocrx_word' id='word_1_287' title='bbox 215 4013 268 4060; x_wconf 81' lang='lat' dir='ltr'><strong>est</strong></span> <span class='ocrx_word' id='word_1_288' title='bbox 288 3996 472 4076; x_wconf 85' lang='lat' dir='ltr'><strong>mimicum,</strong></span> <span class='ocrx_word' id='word_1_289' title='bbox 505 3999 691 4082; x_wconf 80' lang='lat' dir='ltr'><strong>factumque</strong></span> <span class='ocrx_word' id='word_1_290' title='bbox 716 3993 757 4060; x_wconf 84' lang='lat' dir='ltr'><strong>ad</strong></span> <span class='ocrx_word' id='word_1_291' title='bbox 778 3995 995 4062; x_wconf 85' lang='lat' dir='ltr'><strong>imitationem</strong></span> <span class='ocrx_word' id='word_1_292' title='bbox 1019 3998 1187 4068; x_wconf 59' lang='lat' dir='ltr'><strong>warum</strong></span> 
     </span>
     <span class='ocr_line' id='line_1_39' title="bbox 118 4081 533 4168; baseline 0.002 -25"><span class='ocrx_word' id='word_1_293' title='bbox 118 4081 309 4168; x_wconf 82' lang='lat' dir='ltr'><strong>Sophronis</strong></span> <span class='ocrx_word' id='word_1_294' title='bbox 319 4083 533 4148; x_wconf 82' lang='lat' dir='ltr'><strong>mttliebrium.</strong></span> 
     </span>
    </p>
   </div>
   <div class='ocr_carea' id='block_1_18' title="bbox 0 0 1458 5016">
    <p class='ocr_par' dir='ltr' id='par_1_19' title="bbox 0 0 1458 5016">
     <span class='ocr_line' id='line_1_40' title="bbox 0 0 1458 5016; baseline 0 3"><span class='ocrx_word' id='word_1_295' title='bbox 0 0 1458 5016; x_wconf 95' lang='lat' dir='ltr'><strong> </strong></span> 
     </span>
    </p>
   </div>
  </div>
 </body>
</html>
