2962 5020
309 447 926 576 tuaocntrrrornnron
960 483 1062 556 xrs
1162 495 1226 566 su

401 679 405 688 ·
503 713 507 720 .
559 654 804 726 sonatis
853 611 856 620 ⁴

758 759 822 826 Dic
839 759 922 827 milri
941 761 1077 828 tandem
1092 765 1201 834 noctis

140 933 355 959 m

201 1021 380 1109 lampadem
402 1020 464 1086 sibi
486 1044 558 1087 cum
574 1044 610 1086 su
636 1022 771 1086 ellectili
795 1023 830 1084 in
851 1039 1044 1108 prytaneum
1064 1029 1220 1112 migrasse

206 1113 294 1200 (nem
320 1131 356 1186 a,
387 1045 768 1192 acreditoresblatam');
801 1109 848 1169 ibi
871 1111 975 1184 enim,
1008 1103 1092 1196 quod
1112 1117 1216 1192 siunt,

206 1133 356 1282 prsedbm
382 1216 547 1278 nunquam
569 1194 716 1256 deficere.
745 1198 843 1256 Harl.
870 1196 923 1256 De
945 1199 1111 1278 prytaneis
1134 1199 1218 1262 adde

204 1281 332 1344 scholia
354 1279 394 1341 ad
409 1280 539 1340 Pindar.
553 1279 646 1342 Nem.
666 1279 724 1341 XI.
741 1285 771 1344 4.
793 1314 835 1328 -
852 1279 1037 1341 Casauboni
1055 1280 1153 1342 buius
1169 1287 1218 1346 lo·

206 1367 239 1430 ci
261 1365 440 1448 explicatio
462 1364 496 1424 in
519 1364 681 1426 animadv.
704 1365 745 1425 ad
769 1365 887 1426 Athen.
909 1364 966 1426 lib.
983 1363 1055 1426 XV.
1074 1389 1100 1426 c.
1125 1393 1169 1452 ¹9·
1184 1391 1217 1452 p.

204 1447 280 1516 628.
291 1450 458 1533 proposita
468 1448 548 1510 baec
561 1467 626 1512 est:
651 1449 840 1532 „Quoniam
851 1451 1070 1510 maximarum
1088 1453 1219 1535 religio-

202 1537 397 1598 assolitam
412 1536 537 1608 caveri,
569 1557 609 1596 ne
624 1537 688 1596 olei
706 1533 836 1596 defectu
851 1539 884 1596 lu
891 1555 982 1595 :euna
1003 1535 1036 1594 iu
1054 1537 1218 1617 Prytaneo

203 1621 481 1704 exstingueretur,
512 1634 623 1680 natum
647 1642 686 1681 ert
715 1642 750 1680 ea
772 1642 807 1681 re
830 1619 1034 1702 proverbium
1067 1637 1132 1696 est,
1182 1620 1221 1688 ω’

203 1701 326 1791 λύχνων
349 1708 384 1770 s’r
411 1711 604 1790 πρυτανείῳ.
635 1728 699 1790 quo
724 1705 914 1776 utebantur,
947 1703 1076 1788 quaudo
1099 1728 1216 1788 perpe.

201 1806 292 1852 tuam
310 1803 342 1850 et
357 1811 523 1873 nunquam
542 1789 745 1852 deiicientem
763 1791 899 1850 alicuius
916 1789 963 1848 rei
982 1793 1106 1872 copiam
1124 1799 1215 1854 vole-

202 1874 281 1936 bant
304 1873 496 1958 significare.
520 1875 602 1935 Sane
623 1875 752 1959 quidem
770 1896 809 1937 eo
831 1874 878 1936 sic
901 1896 974 1934 vsus
998 1875 1216 1936 estTheocri·

203 1974 256 2022 tus
274 1957 370 2041 ldyll.
389 1958 479 2020 xx1.
505 1961 598 2020 cuius
619 1966 709 2021 locus
733 1959 937 2020 doctissimos
962 1959 1048 2019 viros
1065 1961 1144 2022 urire
1158 1961 1215 2022 ha·

201 2043 277 2106 buit
308 2043 481 2108 exercitos.
528 2043 706 2126 Asphalion
738 2046 879 2130 piscator
908 2045 1214 2126 interpretationem

198 2129 321 2192 somnii
344 2150 361 2188 a
380 2127 485 2190 sodali
508 2131 609 2213 petit,
643 2151 679 2192 sc
702 2153 743 2192 ne
767 2132 854 2192 forte
878 2127 939 2189 boc
957 2129 1018 2211 ipsi
1039 2130 1214 2214 denegaret

200 2215 334 2287 socius,
357 2215 501 2276 rationes
518 2215 596 2277 duas
613 2215 721 2289 affert,
754 2237 811 2276 cur
824 2235 962 2295 aequum
981 2215 1042 2284 sit,
1068 2213 1131 2274 hoc
1148 2216 1214 2276 sibi

199 2297 349 2362 concedi.
395 2299 488 2361 Prior
508 2315 572 2362 est:
606 2297 693 2380 quod
716 2313 866 2380 suppetat
885 2297 986 2356 otium
1002 2296 1041 2355 ad
1063 2302 1141 2358 tales
1158 2321 1213 2362 co·

200 2383 399 2470 gitationest
435 2383 563 2468 quando
590 2405 695 2468 neque
723 2381 848 2466 aliquid
873 2401 965 2464 agere
985 2401 1096 2442 eorum
1128 2405 1213 2464 (puae

226 2473 344 2530 ostulat
371 2489 463 2541 vsus,
496 2484 616 2552 queant
632 2485 765 2550 propter
787 2482 931 2528 noctem:
965 2487 1070 2546 neque
1086 2464 1211 2528 diutius

198 2490 342 2614 dormire
370 2555 503 2634 propter
529 2554 621 2612 strati
653 2551 890 2612 insuavitatem.
928 2551 1084 2630 Sequitur
1110 2557 1211 2614 alters

200 2637 303 2699 ratio:
336 2633 371 2698 ad
385 2637 418 2698 dl
433 2634 513 2719 luipo.
539 2663 567 2700 κ.
587 2664 613 2702 t·
630 2647 657 2700 λ.
679 2657 759 2718 quae
782 2635 825 2694 its
846 2635 1111 2715 interpretamur:
1144 2639 1211 2698 lam

201 2739 281 2783 vero
299 2740 357 2779 cur
378 2717 418 2780 de
440 2722 530 2782 victu
552 2721 651 2780 simus
668 2720 823 2793 solliciti,
857 2741 949 2780 causa
968 2740 1032 2779 nou
1049 2737 1113 2780 est:
1143 2741 1212 2780 cer·

200 2819 265 2866 tam
289 2804 376 2864 enirn
404 2803 556 2866 habemur
577 2826 684 2888 spem,
721 2827 791 2876 nos,
823 2827 895 2865 cum
916 2824 1006 2864 mane
1029 2825 1207 2886 surgemus,

199 2887 328 2974 aliquid
349 2890 485 2952 omnino
508 2905 676 2973 capturos:
706 2911 811 2972 neque
835 2891 932 2972 magis
949 2887 1131 2950 defuturam
1148 2913 1209 2952 no·

199 2973 250 3036 bis
273 2976 389 3060 cippos,
419 2997 515 3057 quarn
540 2981 709 3050 lucernae,
741 2995 821 3056 quae
845 2974 878 3032 iu
903 2989 1062 3055 prytaneo
1083 2995 1209 3057 semper

200 3058 309 3134 ardet,
339 3059 449 3120 deficit
472 3083 611 3144 unquam
633 3066 750 3123 oleum.
795 3057 991 3120 Securitatis
1006 3057 1103 3120 buius
1129 3083 1209 3120 cau-

201 3165 267 3205 sam
290 3144 415 3215 reddit,
445 3143 532 3230 quod
556 3168 591 3208 ea
614 3168 686 3229 pars
703 3145 816 3215 maris,
847 3143 902 3202 vbi
925 3143 1083 3225 piscaturi
1105 3159 1207 3220 erant,

197 3229 323 3314 piscosa
340 3229 510 3292 admodum
533 3252 602 3292 esse
619 3237 716 3315 vulgo
732 3229 929 3291 credebatur.
977 3229 1207 3290 Existimanrus

199 3313 419 3375 obscurissimi
443 3317 508 3376 loci
532 3315 615 3376 banc
630 3339 697 3376 esse
712 3331 857 3376 mentem.
903 3315 1019 3373 Minus
1038 3315 1207 3394 probamus

198 3419 387 3482 magnorum
410 3401 552 3463 virorum
577 3400 895 3482 interpretationem,
927 3399 983 3479 qui
1006 3401 1150 3459 relerurrt
1167 3397 1208 3459 ad

198 3503 301 3570 genus
322 3484 532 3565 piscationis,
563 3508 642 3572 quae
666 3485 701 3546 lit
721 3500 815 3546 noete
837 3482 875 3543 ad
896 3483 996 3564 ignes.
1042 3483 1100 3543 Sed
1118 3481 1207 3568 quod

199 3567 305 3642 siunt,
329 3589 396 3630 nou
412 3571 586 3633 convenire
601 3571 818 3654 piscatoribus
839 3569 977 3642 Siculis,
1003 3568 1059 3651 qui
1079 3583 1206 3628 tantum

195 3653 270 3714 loca
287 3654 393 3714 vicina
408 3655 646 3738 piscationibus
661 3659 728 3715 suis
746 3669 880 3726 norant,
912 3667 945 3713 vt
964 3652 1003 3712 de
1026 3652 1224 3712 Athenieu.'

198 3736 283 3796 sium
313 3754 470 3820 prytaneo
490 3745 682 3823 loquantur:
714 3738 961 3820 respondemus,
992 3761 1058 3798 uon
1082 3737 1120 3796 de
1146 3737 1204 3798 illo

197 3836 357 3905 prytaneo
380 3825 467 3905 ipsos
491 3825 631 3896 sentire,
663 3824 752 3906 quod
770 3823 906 3883 Athenis
929 3823 1009 3884 fuit:
1042 3845 1148 3882 verum
1166 3819 1205 3882 de

195 3927 257 3978 eo,
279 3907 366 3991 quod
388 3910 422 3969 in
442 3910 586 3992 ipsorum
610 3909 685 3970 vrbe
704 3909 880 3989 Syracusis.
926 3909 1023 3968 Nulla
1044 3907 1204 3986 siquidem

192 3989 270 4051 vrbs
294 3993 329 4050 irs
353 4009 420 4056 tota
438 3995 570 4056 Graecis
587 3995 663 4056 olim
685 3995 761 4066 fuit,
790 4013 873 4075 quae
895 4013 986 4051 suurn
1010 4005 1203 4071 prytaneum

194 4093 262 4133 non
294 4075 459 4140 baberet.“
505 4081 593 4141 Haec
618 4079 839 4141 Cssaubonus.
889 4077 1084 4145 Villos‘souus
1111 4095 1203 4156 quam

191 4153 292 4219 buius
311 4165 377 4223 loci
401 4165 702 4248 interpretationem
727 4186 799 4224 cum
821 4160 968 4222 Strotlrio
990 4159 1203 4220 communica-

193 4255 302 4324 tsnt,
329 4261 504 4334 repensam
524 4251 613 4314 illam
636 4271 679 4314 ax
697 4245 837 4314 Strotbii
857 4245 1060 4331 praelatione
1082 4241 1117 4304 in
1145 4263 1203 4306 no·

742 4332 851 4424 lina
