2962 5020
284 487 588 556 rnuocutrt
619 489 895 560 IDYLLION
921 481 1071 562 'xvm
1142 490 1213 570 523

144 663 423 754 Amplectaminir
446 662 581 752 Iupiter,
604 661 926 754 Saturniuslupiter,
940 666 1211 755 firmasdisitias,

145 770 193 839 Vt
206 792 226 833 a
241 767 407 832 nobilibus
425 768 467 832 ad
482 765 608 832 nobiles
626 789 744 832 rursus
756 770 969 856 perveniant.
1030 851 1032 854 Ι

147 868 306 937 Dormite
320 870 356 934 iu
367 881 484 958 pectus
499 879 617 934 mutuo
630 892 780 934 amorem
796 871 996 959 inspirantes
1058 895 1059 900 ¹

145 973 194 1039 Et
207 971 427 1038 desiderium:
457 981 491 1036 et
510 972 694 1061 expergisci
704 973 775 1044 ⁴sub
796 995 955 1038 auroram
970 995 1015 1042 ue
1030 973 1212 1044 obliviscas

164 1089 166 1098 ·
737 1075 832 1141 mini.

146 1175 344 1244 Redibimus
357 1191 390 1242 et
405 1201 465 1244 nos
479 1178 541 1244 sub
557 1175 759 1252 diluculum,
781 1179 837 1242 vbi
852 1181 982 1266 primus
997 1193 1116 1259 cantor:

146 1279 178 1347 E
192 1279 293 1346 cubili
306 1279 496 1346 insonuerit
510 1279 640 1345 sublata
651 1281 767 1367 pulcre
783 1279 915 1372 cristata
928 1282 1075 1349 cervice.

147 1381 303 1470 Hymen,
326 1407 347 1447 ο
363 1382 577 1471 Hymenaee,
600 1379 652 1447 his
667 1380 794 1472 nuptiis
806 1382 959 1468 gaudeas.

428 1880 945 1961 ARGVMENTVM

497 2061 714 2153 runnu
761 2062 862 2127 xrx.

241 2319 379 2382 Parrum
393 2316 457 2379 hoc
466 2337 593 2400 poema,
617 2317 686 2378 sive
698 2317 788 2377 lusus
800 2313 911 2398 potius
926 2316 1221 2402 epigrammatiens,

154 2441 199 2486 ex
213 2419 427 2484 Anacreontis
441 2419 581 2480 carmine
593 2419 665 2480 XL.
678 2439 843 2500 expressus
860 2416 964 2480 videri
979 2433 1096 2502 potest.
1116 2417 1218 2504 Quod

155 2545 287 2586 carmen
304 2521 575 2605 Anacreonticum
601 2535 670 2580 tum
692 2519 731 2579 ab
757 2520 957 2582 inventionis
976 2535 1044 2582 tum
1065 2541 1082 2581 a
1103 2535 1218 2582 tracta·

154 2625 263 2688 tionis
276 2622 370 2684 laude
383 2621 461 2682 huic
477 2621 574 2682 facile
588 2621 744 2704 praeripit
763 2625 908 2704 palmam.
950 2623 1149 2698 Wartonus,
1178 2641 1219 2683 an

156 2723 243 2788 illud
267 2724 432 2807 scripserit
452 2723 638 2797 Anacreon,
670 2743 709 2782 an
725 2721 789 2783 hoc
805 2721 1015 2800 Theocritus,
1046 2743 1146 2808 reque
1162 2720 1220 2784 du·

156 2826 258 2890 bitari
285 2847 389 2911 posse
408 2823 577 2888 iudicavit.
621 2827 675 2888 De
701 2823 765 2888 hoc
794 2826 954 2888 consentit
976 2825 1219 2904 Valckenarius,

157 2930 214 2993 cui
235 2928 273 2990 hi
294 2942 369 2991 octo
399 2948 511 2989 versus
531 2927 645 2990 Bionis
668 2949 736 2990 esse
758 2925 925 3004 videntur,
962 2950 1040 3014 quos
1058 2942 1165 2992 tamen
1181 2941 1221 3018 pt

159 3030 377 3094 Theocriteos
396 3026 531 3090 exhibet
553 3028 711 3092 Stobaeus
728 3049 797 3110 cap.
815 3024 869 3095 fii.
897 3031 987 3092 -1In
1003 3029 1113 3093 eodem
1127 3053 1222 3116 argu·

158 3147 273 3196 mento
293 3137 441 3193 luserunt
458 3127 555 3192 etiam
568 3129 643 3205 alii,
673 3143 708 3190 vt
721 3130 886 3216 Meleager
902 3152 994 3193 carm.
1010 3133 1128 3196 cvm.
1140 3131 1221 3220 (An-

160 3232 288 3319 tbolog.
311 3230 432 3294 Iacobo.
455 3233 493 3292 T.
517 3231 541 3293 l.
569 3230 687 3316 p.'5r.)
706 3232 837 3292 Marcus
865 3235 1072 3319 Argentarius
1101 3235 1162 3318 Ep.
1177 3231 1224 3296 II.

162 3333 262 3418 (ibid.
278 3337 370 3395 Tom.
387 3332 427 3392 ll.
447 3355 481 3416 p.
497 3329 585 3418 242.)
608 3349 641 3396 et
660 3335 765 3395 Strato
791 3333 885 3415 (ibid.
910 3337 1000 3398 Tom.
1021 3335 1082 3400 Ill.
1105 3359 1137 3420 Ρ.
1156 3331 1225 3415 88.)

161 3439 227 3520 ΕΡ.
242 3435 459 3498 LXXXVIII.
472 3471 514 3483 -
529 3435 685 3498 Nostrum
708 3457 830 3500 carmen
848 3437 948 3524 figura
971 3439 1036 3502 aeri
1047 3439 1151 3501 incisa
1169 3459 1226 3501 en·

162 3559 309 3624 pressum
332 3558 399 3598 esse
421 3537 652 3603 aBernhardio
670 3536 784 3615 Rode,
812 3541 912 3604 refert
930 3542 1096 3605 Ramlerua
1116 3541 1153 3604 in
1166 3559 1226 3604 noe

162 3642 209 3706 tis
223 3638 264 3704 ad
279 3639 461 3704 versionem
476 3661 571 3704 carm.
586 3639 778 3703 Anacreont.
794 3665 828 3726 p.
848 3661 918 3730 127.
