2816 5016
242 447 303 516 242
414 453 727 516 ocorrrror
753 437 1074 514 ularAArort
1093 441 1130 514 ο.

602 621 926 696 ΚΟΡΥΔΩΝ.

238 721 432 822 Ἀκμᾶνγ“,
447 721 477 800 ci
485 729 628 799 δειλοῖο·
655 718 781 822 πρῶαο
794 753 835 819 γε
846 725 916 818 μὲν
927 716 1226 814 αὐτὸςέπεοθοίο,
1254 724 1311 797 60

239 833 317 907 Καὶ
330 832 417 904 ποτὶ
433 831 482 926 τᾷ
494 823 640 926 pricipes
665 822 966 920 κατελάμβανον,
990 824 1083 922 οἶμος
1097 821 1249 928 ἐνήργει.

634 934 673 1005 Β
678 931 721 1004 Α
731 933 766 1004 Τ
775 933 902 1003 ΤΟΣ.

238 1033 559 1135 Εὖγ’,οἶ”νθρωπε,
572 1040 739 1129 neieina·
765 1028 810 1106 τό
826 1060 888 1107 τοι
904 1036 1005 1126 γένος
1021 1033 1045 1130 η’
1060 1031 1311 1131 Σατυρίσκοις

237 1132 420 1234 Έγγύθεν
435 1138 458 1235 ἢ
475 1133 639 1212 Πάοοσσι
655 1130 937 1229 κακοκοάμοισιο
953 1135 1097 1236 inludet.

239 1298 449 1315 m

259 1374 301 1440 60
323 1411 362 1424 -
386 1377 436 1444 62.
466 1374 548 1460 προὲν
571 1381 689 1464 vulgo,
713 1391 809 1460 etque
831 1375 934 1438 sicin
957 1376 1018 1440 cd.
1039 1376 1126 1463 Aug.
1149 1376 1310 1460 idemque

303 1459 452 1524 defendit
468 1465 639 1538 weston,
667 1460 756 1546 quod
777 1461 890 1522 vltims
912 1462 948 1522 in
970 1465 1083 1528 δειλοῖο
1103 1461 1308 1544 producatur

301 1545 343 1608 ob
366 1547 445 1608 duas
467 1561 698 1624 consonantes,
732 1546 851 1629 quibus
871 1568 1009 1630 sequens
1029 1547 1225 1610 vocabulum
1252 1546 1307 1605 in-

301 1630 448 1695 choctur.
494 1632 651 1694 Heinsius
668 1647 775 1694 tumen
791 1647 824 1693 et
838 1632 958 1694 Reiske
976 1634 1199 1706 coniecerunt,
1214 1629 1309 1714 quod

303 1715 380 1780 edit.
396 1719 484 1783 Flor.
508 1731 542 1779 et
566 1716 632 1778 duo
655 1715 749 1778 codd.
771 1719 858 1782 Flor.
877 1717 1086 1793 confirmant,
1110 1730 1206 1801 etque
1227 1717 1307 1776 Vsi-

301 1802 394 1865 cken.
417 1823 512 1886 quem
541 1801 636 1878 vide,
673 1817 706 1864 et
729 1802 872 1866 Brunck.
894 1803 1147 1886 rescripserunt,
1183 1794 1305 1886 πρῶαν.

251 1919 254 1924 ¹
301 1888 423 1963 [Etiam
442 1889 560 1950 Grsefe
575 1887 705 1949 dubitet
721 1886 761 1949 de
777 1903 924 1972 correpte
938 1888 1041 1970 prima
1058 1889 1092 1948 in
1112 1883 1219 1970 πρώαν
1238 1886 1305 1949 hoc

195 2027 197 2034 .
299 1976 372 2035 loco
389 1987 421 2034 et
435 1971 532 2055 Idyll.
547 1973 589 2050 V,
605 1971 636 2038 4.
681 1973 766 2035 Nem
779 1977 877 2039 ποιεῖν
891 1973 999 2056 priore
1014 1971 1136 2056 syllaba
1156 1986 1307 2054 correpta

295 2079 366 2120 ‘esse
381 2057 572 2118 mutandum
585 2057 621 2118 iu
636 2063 733 2139 ποεῖν,
757 2059 970 2120 Doriensium
984 2077 1082 2134 more,
1098 2059 1205 2134 (conf.
1223 2058 1313 2118 Gre·'

262 2171 266 2177 ¹
300 2165 369 2290 fior.
386 2143 460 2206 Cor.
476 2165 507 2226 p.
525 2143 609 2224 75.)‚
632 2157 666 2206 et
680 2143 727 2207 Id.
744 2143 802 2206 XI.
822 2141 870 2209 18.
886 2164 945 2227 pro
960 2143 1178 2210 issdsremira
1192 2146 1306 2227 legen·

324 2251 377 2290 um
394 2242 451 2289 sut
471 2249 543 2290 cum
566 2227 692 2290 duobus
709 2227 790 2289 Cdd.
808 2227 921 2295 τοιαῦτ’
935 2229 1056 2308 ἤειδεν,
1079 2243 1135 2290 sut
1157 2227 1306 2290 scriben-

299 2312 376 2376 dum
392 2315 475 2380 ἄειδε
489 2314 633 2394 τοσαῦτα,
656 2329 754 2398 atque
768 2311 1059 2396 ldy11.xv111.32.
1075 2313 1153 2376 item
1166 2315 1305 2380 τοσαῦτα

213 2477 216 2484 ⁴
298 2421 358 2484 pro
379 2400 522 2477 τοιαῦτα,
545 2397 668 2460 Nostro
688 2399 790 2485 igitur
810 2404 884 2461 loco
903 2400 970 2484 le'gi
987 2404 1060 2460 vult
1081 2397 1117 2466 ni
1129 2403 1219 2483 πρΙ-ν,
1244 2414 1304 2460 aut

293 2484 336 2553 ‘ri
350 2481 442 2570 πράν.
465 2521 504 2535 -
534 2486 588 2545 Dc
603 2484 707 2546 literis
723 2509 766 2571 πρ
787 2484 942 2546 brevitati
962 2499 1162 2568 antegressae
1177 2487 1303 2544 nullam

297 2571 512 2634 mutationem
534 2567 751 2630 inferentibus
768 2569 835 2631 vid.
858 2569 1018 2653 Spitnuer.
1035 2574 1057 2631 l.
1073 2593 1099 2631 c.
1116 2587 1149 2653 p.
1165 2568 1217 2656 95.
1264 2573 1304 2630 In

296 2678 415 2720 novem
430 2653 520 2732 cdd,
543 2654 640 2716 etiam
654 2654 769 2718 Schell.
787 2670 836 2717 est
850 2679 884 2740 ys
900 2651 975 2737 μοὶο.
997 2656 1129 2732 Kiessl.]
1151 2691 1195 2705 --
1215 2659 1303 2716 Tum

297 2746 370 2812 ποτὶ
383 2744 421 2826 τᾷ
436 2739 558 2826 μάνδρᾳ
578 2762 638 2824 pro
662 2741 846 2802 accusativo
871 2740 944 2824 [qui
965 2754 999 2802 et
1018 2740 1088 2822 ipse
1103 2756 1189 2804 recte
1205 2739 1305 2823 poni·

298 2845 369 2905 tur,
393 2842 429 2890 vt
445 2827 531 2911 apud
552 2824 739 2888 Archiloch.
755 2825 846 2886 XIX.
859 2847 890 2907 p.
908 2846 959 2910 91.
981 2823 1059 2908 προς
1080 2829 1183 2914 τοῖχον
1195 2821 1303 2903 ἐκινή-

297 2923 405 2991 θησαν
418 2916 450 2979 ἐν
462 2915 645 2994 παλινσκίῳ.
670 2908 809 2971 Codices
817 2925 926 2972 autern
935 2911 971 2970 in
979 2909 1043 2975 hoc
1051 2932 1170 3009 genere
1178 2911 1302 2994 vbique

297 2995 458 3062 fluctuant
481 2997 568 3058 inter
587 2995 655 3057 iota
674 2993 763 3076 quod
779 2995 893 3057 detIvo
912 2993 1145 3072 subscribitur,
1170 3011 1203 3058 et
1217 3023 1234 3059 ν
1250 3017 1317 3060 ac·.

299 3081 448 3146 onativi.
493 3081 631 3142 Retinui
644 3094 749 3141 tamen
764 3079 919 3156 dativum,
937 3082 1093 3164 quoniam
1108 3081 1144 3142 in
1159 3097 1300 3165 quatuor

246 3241 250 3248 Ι
299 3165 389 3243 cdd,
413 3167 449 3226 in
473 3164 592 3251 quibus
614 3163 679 3226 duo
703 3180 780 3225 sunt
802 3164 944 3249 optimas
965 3182 1081 3242 notae,
1105 3181 1221 3230 exstat.
1244 3169 1300 3241 K.]

298 3273 341 3315 ex
356 3251 414 3355 “¹2
422 3251 448 3312 F
449 3256 509 3314 lor.
524 3249 684 3312 dederunt
696 3250 838 3314 Brunck.
854 3265 887 3310 et
907 3249 1019 3312 Valck.
1036 3251 1072 3311 in
1087 3251 1166 3314 edit.
1181 3265 1302 3334 poster.

297 3333 1299 3506 {isf'ttttfi‘iduttijff⁶ss¹zttizfi²¹ittt;.“ttttt.

297 3507 452 3590 Stephen.
472 3507 552 3572 min.
577 3509 694 3568 Portus
715 3505 751 3566 in
770 3506 855 3568 Lex.
874 3506 1020 3582 Dorico,
1052 3505 1297 3568 Valckenarius.

245 3617 247 3626 ·
296 3591 407 3678 isdem
430 3613 471 3654 ex
491 3591 567 3657 Ald.
583 3591 719 3675 aliisque
743 3611 843 3675 vsque
863 3589 904 3651 ud
926 3591 1079 3676 Stephen.
1103 3605 1300 3653 revocarunt

295 3677 418 3740 Reiske
433 3677 614 3741 etBrunck.
631 3675 862 3738 Valckenarius
877 3689 986 3737 temen
1001 3682 1112 3738 Iocum
1128 3677 1172 3736 its
1187 3680 1298 3762 legen·

298 3764 374 3826 dum
398 3761 585 3824 arbitratur:
608 3759 714 3845 προίαν
734 3757 774 3847 yn'
792 3787 846 3846 μιν
866 3759 959 3838 critic
978 3759 1117 3830 &uenenis
1141 3766 1204 3828 Koei
1229 3763 1300 3825 ποιὶ

205 3871 210 3878 “
294 3849 351 3917 cciv
372 3846 511 3932 μάνδραν
531 3849 579 3924 [in
593 3847 774 3930 posteriore
794 3847 873 3910 edit.
898 3869 939 3909 ex
960 3869 1025 3910 vno
1049 3845 1121 3908 cod.
1142 3845 1298 3929 praetulit

297 3940 368 4004 nori
383 3934 424 4016 τᾷ
436 3930 575 4033 uuirdon]
594 3931 835 4016 xmstdptinrov,
849 3930 928 4012 οἶμος
941 3931 1068 4018 ἕνάργει,
1088 3933 1158 3993 sive
1172 3932 1296 4014 potius,
1377 3945 1378 3950 ’

297 4037 450 4104 tanquam
466 4041 655 4104 genuinum,
679 4017 806 4104 ἐνήργει.
840 4019 940 4099 [Ηοο,
966 4018 1055 4104 quod
1070 4017 1191 4078 diserte
1206 4038 1295 4099 prae·
1402 4049 1403 4052 ¹

293 4109 374 4171 bent
397 4105 462 4166 duo
485 4103 556 4166 cdd.
575 4119 608 4166 et
626 4105 829 4166 Hermannus
851 4124 982 4187 quoquc
1005 4102 1173 4186 probavit,
1204 4100 1297 4163 resti·

296 4193 428 4257 tuimur.
449 4192 580 4274 [icosi]
611 4189 752 4252 Bruncls.
768 4209 845 4254 vero
867 4189 902 4248 iu
927 4189 1017 4253 notis
1033 4209 1065 4272 p.
1083 4188 1136 4274 59.
1157 4187 1297 4251 scriben-
