2922 5026
412 436 840 502 rnlrrAnMArA.
1101 431 1166 520 769

484 601 655 668 ALIVD.
698 601 764 670 IV.

91 703 131 768 In
145 699 243 768 illum
255 700 389 786 vicum,
418 704 477 768 vbi
491 726 635 790 quercus
649 714 747 784 sunt,
775 701 925 790 caprario
934 749 945 784 ,
973 699 1032 768 vbi
1049 701 1157 769 defle·

682 805 785 888 xerie,

179 905 377 972 Ficulnoam
392 905 546 974 invenies
560 928 678 973 recens
690 909 857 998 sculptam
870 919 1027 988 statuam,

97 1008 301 1097 Tripedcm‚
324 1029 401 1072 cum
418 1007 490 1094 ipsu
505 1010 646 1090 cortice,
669 1011 742 1076 sine
757 1012 911 1078 auribus:
935 1025 969 1076 at
983 1012 1100 1098 phallu

183 1109 371 1178 Genetricis
387 1121 561 1197 potentem
579 1113 719 1178 Veneris
736 1137 838 1202 opera
851 1113 1026 1201 perficere.

97 1215 234 1280 Fanum
252 1214 351 1280 valde
366 1233 499 1278 sacrum
517 1212 770 1299 circumcurrit,
792 1219 1016 1306 perennisque

184 1315 290 1384 Rivus
307 1339 325 1382 e
340 1315 480 1402 rupibus
497 1317 644 1404 rudique
659 1319 749 1383 viret

100 1419 221 1486 Lauris
238 1429 272 1485 et
285 1419 408 1508 myrtis
424 1430 457 1482 et
474 1418 577 1482 odora
592 1440 770 1509 cupresso:
888 1421 892 1436 '

186 1521 254 1594 vbi
269 1522 489 1588 circumcirca
506 1519 628 1588 diffusa
643 1534 694 1588 eat
710 1545 772 1612 per
786 1525 958 1615 capreolos
978 1524 1114 1593 uvifera

108 1698 309 1717 *-

169 1787 312 1850 membro
331 1800 437 1847 tamen
454 1783 545 1846 virili
562 1803 629 1848 non
645 1785 778 1850 carebat.
800 1781 899 1870 φιῖλης
917 1799 965 1848 est
977 1809 1015 1847 ea
1022 1809 1103 1868 para
1117 1792 1169 1848 νὶ-

170 1877 219 1946 ri,
241 1889 306 1954 qun
319 1875 385 1931 viri
399 1893 519 1934 sumus.
562 1872 683 1935 Vocem
699 1896 765 1934 uon
786 1878 882 1935 semel
898 1887 1031 1954 vaurpat
1045 1872 1169 1933 Aristo·

168 1959 302 2042 phanes.
332 1989 371 2002 -
402 1955 605 2038 Hesychius:
639 1955 791 2044 φαληρός,
820 1955 903 2041 ὄρνιξ
926 1960 1077 2040 λιμναῖος,
1116 1962 1170 2023 καὶ

170 2047 347 2120 ΦΑΛΗΣ,
370 2038 407 2107 τιν’
421 2039 602 2122 δερμάτινον
616 2050 667 2110 καὶ
685 2047 805 2122 ξύλινον
820 2047 944 2109 αἰδοῖον.
966 2043 1016 2102 Ita
1030 2041 1170 2102 scriben-

146 2157 150 2164 ·
171 2129 231 2190 dus
253 2127 314 2186 iste
334 2129 437 2191 locus.
459 2161 503 2173 —-
524 2125 612 2188 Idem
633 2141 739 2189 nutem
759 2127 858 2210 ᾳᾰλης
872 2143 905 2190 et
920 2123 1042 2212 φάλλος.
1072 2127 1171 2208 Τοιιρ.

171 2215 208 2274 iu
221 2209 370 2273 Addend.
387 2232 421 2294 p.
435 2209 508 2298 409.
523 2211 580 2273 vbi
596 2219 716 2276 multus
732 2229 779 2276 est
797 2213 836 2275 de
850 2212 881 2274 h.
896 2236 928 2276 v.
972 2213 1071 2274 Harl.
1186 2219 1192 2233 '

126 2330 162 2404 4.
182 2333 247 2394 Pro
268 2334 400 2414 vulgato
420 2327 592 2476 nutdopdurp
607 2333 793 2416 scripsimus
814 2327 987 2413 παιδογόνον
1007 2353 1078 2392 cum
1096 2331 1172 2393 Val-

172 2419 264 2480 chen.
282 2429 314 2478 et
328 2415 468 2479 Dahlio.

72 2569 73 2572 Ἴ
170 2517 264 2591 pater
283 2501 344 2583 Ep.
365 2499 393 2561 I.
408 2501 581 2586 παιδογόνον
593 2495 729 2586 Κύπριδι
750 2497 942 2586 τερπόμενος.
960 2535 1003 2551 --
1019 2500 1173 2584 Κύπριδος

157 2589 263 2672 ἔργα,
285 2591 437 2666 nuptias,
468 2608 600 2648 amores.
645 2587 699 2649 Sic
722 2590 854 2650 Homer.
873 2589 972 2671 Hym.
992 2587 1026 2646 in
1044 2589 1126 2647 Ven.
1147 2608 1171 2648 t.

104 2695 108 2702 ·
171 2670 369 2821 {iesiodpss
387 2685 421 2816 pt
436 2673 574 2817 Di'521(i
587 2673 761 2818 ΙῘΙΥξιιοοῗζιιι
784 2695 829 2818 οἱ.
849 2672 919 2738 14¹.
935 2672 991 2734 vbi
1007 2695 1039 2736 v.
1059 2671 1174 2734 Schra-

198 2781 241 2822 cr.
361 2776 468 2818 caco
493 2778 550 2819 aa
612 2802 655 2822 ..
729 2781 792 2819 cecc

127 2879 161 2948 5.
185 2881 282 2951 κᾶπος
297 2879 330 2941 δὲ
345 2871 465 2958 σκιερδς
481 2874 542 2937 Ed.
556 2878 643 2938 Flor.
658 2891 690 2938 et
712 2875 790 2938 hinc
807 2891 914 2962 margo
931 2876 1042 2960 Steph.
1066 2877 1190 2936 Etiam¹

175 2966 211 3027 in
232 2960 294 3024 Ed.
319 2960 399 3022 Call.
422 2958 462 3021 ad
482 2957 577 3037 σοκός
601 2960 796 3043 adscriptum
817 2979 864 3024 est
879 2989 924 3042 γρ.
943 2965 1056 3038 κᾶπος,
1087 2959 1176 3044 quod

141 3067 144 3094 ί
180 3047 299 3134 probat
321 3045 495 3110 Brcdaeus.
518 3047 595 3108 item
618 3045 668 3107 cd.
684 3046 775 3108 Med.
799 3046 885 3129 apud
901 3043 1063 3107 Gaisford.
1083 3046 1178 3106 offert

176 3131 285 3206 serinac.
336 3131 492 3192 Reisltius
519 3131 725 3213 amplectitur
753 3129 885 3214 οκιιρός.
935 3130 1103 3192 Salmasius
1136 3127 1177 3189 ad

176 3215 302 3286 Herod.
322 3215 425 3278 Attio.
446 3238 476 3278 r.
491 3215 560 3280 105.
582 3237 600 3276 e
619 3214 689 3276 cod.
704 3231 832 3279 vetusto
854 3213 1025 3301 legendum
1042 3211 1179 3276 affirmat

178 3306 265 3390 ἕρκος
280 3298 308 3366 δ’
321 3297 355 3366 εὖ
369 3297 469 3385 ἱερόν,
493 3298 582 3384 quod
597 3299 763 3362 confirmat
776 3303 873 3363 etiam
888 3301 958 3362 cod.
980 3301 1050 3362 vat.
1066 3301 1178 3382 inquo

110 3417 115 3428 ·
180 3404 229 3452 cst
247 3389 336 3470 ἕρκος
354 3384 381 3451 d'
400 3383 468 3452 πῖθ’
488 3382 580 3468 ιἰρόν.
627 3387 775 3469 Toupius
794 3392 957 3470 vulgatam
980 3398 1090 3444 tuetur
1113 3388 1181 3444 lau·

182 3474 258 3535 dato
275 3470 403 3534 scholio
418 3471 459 3533 ad
472 3468 623 3552 Euripid.
644 3469 813 3532 Phoenica.
831 3490 921 3553 1017.
942 3484 976 3531 et
988 3469 1178 3531 Valckenar.

183 3557 230 3632 ud¹
237 3558 384 3620 Ammon.
401 3580 433 3641 p.
448 3555 504 3620 154
514 3577 559 3639 sq.
573 3578 632 3640 pro
646 3551 681 3622 εὖ
696 3553 780 3638 tando
797 3573 902 3618 tamen
916 3554 981 3639 legi
996 3554 1088 3615 iubet
1104 3549 1180 3617 uita·

183 3669 253 3728 ρος,
275 3639 364 3725 quod
380 3643 427 3704 sic
442 3641 643 3703 coniunctim
657 3663 751 3726 saepe
768 3641 909 3704 occurrit
925 3641 959 3698 in
976 3637 1106 3721 hymnis
1121 3634 1181 3694 Or·

115 3777 120 3782 .
183 3727 300 3813 phicis.
344 3728 453 3810 Atque
475 3725 539 3786 hoc
563 3727 711 3809 reposuit
729 3723 924 3788 Brunckius.
951 3725 1072 3795 Recte,
1111 3717 1181 3798 opi·

185 3837 256 3874 nor.
300 3811 422 3873 Contra
451 3809 521 3871 cod.
553 3809 626 3874 Vat.
651 3811 827 3874 tectionem
859 3807 1062 3871 commendat
1086 3802 1182 3864 etiam

182 3897 310 3960 Liebel.
329 3897 370 3957 ad
383 3893 572 3958 Archiloch.
586 3917 617 3978 p.
633 3903 674 3981 89
691 3918 738 3980 aq.
753 3895 810 3959 vti
827 3896 968 3956 illustrat
982 3890 1115 3954 verbum
1125 3909 1183 3950 πε·

181 3984 348 4071 ρςὸιδρομε.
392 3979 509 4042 Κίοοοὶ.

14 4157 15 4162 1
140 4107 172 4168 7.
195 4087 372 4169 aucupium
386 4098 450 4144 tres
465 4080 536 4144 cdd.
551 4080 816 4164 apudGnisford.
860 4084 901 4144 K.

138 4186 171 4254 8.
193 4189 329 4273 ἄμπελος
358 4182 564 4271 βοτρυόπιιις,
606 4189 682 4244 vitia
707 4205 804 4335 ὅραι,
827 4193 863 4244 vt
882 4180 1011 4250 liberos,
1037 4177 1187 4256 gignens,

679 4318 686 4344 0
742 4289 788 4332 cc

530 2415 601 2477 dem
617 2419 733 2498 probat
751 2417 1038 2480 etiamlacobsius.
1083 2417 1191 2478 Sosi-¹
1257 2461 1268 2472 .
