2878 5016
271 485 569 554 annocum
602 491 877 555 rorantes
912 493 1000 558 xrr.
1107 493 1167 578 555

104 664 270 728 Oneratas
287 661 420 728 coronis
433 675 532 727 suam
550 659 592 727 ed
608 671 752 726 matrem
766 663 963 727 revertitur.

11 761 12 770 ¹
103 766 222 831 Beatus
237 763 311 846 ille,
332 764 391 853 qui
405 765 520 854 pueris
536 764 579 829 de
592 763 713 832 osculis
727 763 792 830 illis
807 766 934 831 arbiter
947 775 1005 830 est.

103 867 207 948 Sane,
230 865 368 956 opinor,
390 865 539 933 eaesium
554 865 787 954 Ganymedem
804 868 952 934 multum
967 867 1114 950 invocat,

103 972 147 1039 Vt
158 969 265 1058 Lydio
279 969 384 1060 lapidi
398 991 462 1060 par
475 993 511 1034 os
526 967 667 1047 hebeat,
690 991 809 1037 aurum
826 991 893 1056 qno

104 1072 309 1162 Explorant,
330 1073 518 1162 reprobum
532 1071 725 1162 probumve
740 1071 801 1156 ait,
822 1071 1011 1162 argenurit

382 1712 414 1780 t
433 1713 464 1784 R
485 1713 519 1782 G
540 1715 572 1786 V
592 1715 630 1783 Μ
651 1716 682 1784 Ε
702 1715 733 1786 N
755 1716 786 1782 Τ
808 1715 840 1785 V
860 1715 898 1784 M

455 1885 672 1950 IDYLLII
711 1885 814 1954 XIII.

181 2057 291 2118 Pauca
312 2055 475 2141 praefatus
497 2070 595 2141 poeta
620 2054 660 2117 de
677 2057 845 2139 potentia,
878 2075 941 2139 qus
965 2054 1065 2115 Amor
1085 2051 1162 2116 deos

106 2143 318 2224 hominesque
340 2140 523 2224 perdomat,
553 2173 597 2190 ·—
622 2139 654 2206 4.
678 2140 718 2202 ad
734 2141 874 2205 fabulam
891 2140 930 2202 de
945 2139 1051 2220 Hylae
1067 2162 1100 2200 ra
1126 2155 1162 2201 tu

107 2228 223 2290 aditum
246 2223 310 2289 sibi
324 2240 416 2311 parat
440 2226 734 2304 mensuetudinis,
767 2247 848 2312 quae
864 2225 950 2285 inter
964 2225 1075 2306 Hylan
1092 2162 1163 2284 tira-

106 2313 145 2374 rit
158 2327 191 2374 et
205 2311 393 2389 Herculem,
418 2310 637 2395 descriptione
650 2347 693 2364 -
713 2313 760 2378 15.
783 2311 989 2395 Argonautae
1007 2329 1106 2390 quum
1122 2307 1163 2370 ad

108 2413 217 2460 umam
247 2395 442 2474 Cianorum,
481 2418 564 2482 quae
584 2417 662 2481 gens
692 2395 732 2458 ad
756 2391 965 2479 Propontidis
995 2391 1162 2454 habitabat

106 2483 213 2560 litora,
245 2481 463 2565 appulissent,
494 2483 596 2563 Hylas
618 2481 656 2542 ab
674 2483 816 2542 Hercule
837 2478 877 2540 ad
898 2499 1012 2562 aquam
1029 2477 1161 2538 afferen-

107 2564 172 2628 dam
186 2565 386 2627 mittitur-
476 2569 551 2644 Ille,
577 2564 653 2627 dum
669 2567 836 2640 extante,
867 2563 902 2626 in
917 2567 989 2622 loco
1007 2561 1162 2622 amoenis-

11 2719 13 2738 Ι
106 2653 199 2730 uma,
223 2650 349 2727 haurit,
373 2566 603 2734 siiimphis,
617 2649 738 2711 eximia
756 2649 850 2733 pueri
870 2646 1093 2730 pulcritudine
1111 2668 1161 2706 ca·

108 2739 184 2818 ptis,
224 2735 260 2796 in
285 2757 401 2820 aquam
419 2735 611 2798 detrahitur.
632 2769 676 2784 ·-
696 2733 762 2798 54..
790 2737 857 2795 Iam
879 2733 1036 2792 Hercules
1056 2752 1159 2814 puero

109 2819 228 2882 diutim
243 2821 382 2882 moranti
397 2819 523 2905 aliquid
538 2818 691 2882 accidisse
708 2818 901 2903 suspicatus,
925 2815 966 2876 ad
982 2837 1054 2878 eum
1065 2837 1161 2898 quae·

107 2903 236 2967 rendum
250 2921 412 2989 properat.
456 2907 547 2968 Dum
562 2927 640 2968 vero
657 2904 765 2966 animo
780 2900 971 2988 perturbato
983 2903 1040 2984 per
1052 2900 1160 2962 omnia

107 3006 254 3076 vagatur,
286 2990 508 3076 Argonautae,
542 2989 633 3050 illum
656 2994 741 3054 vltro
762 3009 876 3049 navem
902 2985 1071 3068 reliquisse
1092 2986 1159 3046 exi-

107 3075 284 3150 stimantes,
306 3096 439 3138 ancoras
459 3079 591 3138 solrunt
603 3109 645 3122 -
661 3095 711 3160 7⁰·
735 3073 809 3158 Quo
830 3073 918 3132 facto
934 3071 1088 3132 Hercules
1103 3091 1160 3153 pe·

107 3157 156 3220 des
173 3158 365 3222 Colchidern
384 3161 479 3245 petit.
500 3193 544 3209 -
564 3159 703 3244 Epicum
718 3178 849 3242 poema,
881 3176 948 3216 non
965 3153 1160 3220 bucolicum.

107 3241 166 3306 Sed
184 3243 283 3306 facile
300 3260 452 3328 apparet,
484 3245 608 3328 epicam
623 3243 764 3305 fabulam
781 3265 798 3303 a
813 3256 910 3325 poeta
929 3239 974 3301 ita
994 3255 1160 3302 tractatam

108 3348 187 3405 esse,
216 3343 253 3389 vt
277 3350 346 3391 eam
361 3329 510 3392 bucolica
529 3327 665 3412 quadam
678 3329 836 3390 suavitate
850 3323 1006 3390 condiret.
1050 3325 1160 3386 Periu-

108 3411 264 3474 eundaest
279 3413 380 3476 fontis
389 3412 564 3497 descriptio
580 3436 610 3476 v.
619 3411 671 3478 4ο.
680 3410 934 3499 sqq.iucundior
948 3409 1043 3472 etiam
1057 3401 1160 3498 Nym-

107 3495 238 3578 pharum
252 3497 286 3556 in
303 3519 404 3582 puero
421 3497 617 3561 consolando
634 3495 797 3560 sedulitas.
814 3518 846 3562 v.
860 3495 911 3561 54.
928 3517 973 3579 sq.
1007 3495 1095 3556 Idem
1106 3515 1159 3562 ar·

11 3647 12 3676 ,
107 3595 291 3664 gumentum
303 3585 430 3668 saepius
445 3597 626 3646 tractatum.
640 3615 685 3636 ·-
699 3585 828 3646 Praeter
848 3594 997 3644 auctores
1013 3579 1051 3640 ab
1076 3579 1159 3640 Har·

36 3690 43 3704 t

11 3717 12 3728 t

11 3803 12 3814 t

107 3667 183 3728 lesio
204 3667 242 3726 in
267 3667 369 3750 prima
388 3685 467 3732 nota
484 3668 601 3730 citatos
622 3668 709 3732 conf.
731 3669 839 3749 Heyn.
862 3661 903 3726 ad
924 3661 1157 3751 Apollodor.b

107 3769 203 3837 9·19.
226 3750 322 3815 Obss.
343 3775 376 3837 p.
391 3755 441 3840 75·
536 3756 537 3760 ’

527 3999 733 4019 m
