2886 5022
262 445 353 517 504·
419 451 731 526 OEOKPITOY·
767 449 1082 514 EIAYAAION
1117 440 1166 514 ια’.

260 614 439 700 Γινοίσνεν
456 617 486 696 d‘
500 618 606 716 οἶμαι
621 613 669 694 cti
682 620 815 710 ναλοῖς,
842 614 973 718 ἰατρόν
989 615 1114 719 ἐόντα,
1207 693 1214 702 ,
1292 623 1314 694 5
1436 591 1437 670 i

258 725 337 804 Kal
352 731 430 806 ταῖς
444 725 547 798 ἐννέα
563 717 608 822 δή
622 725 867 818 πεφιλαμίνον
884 725 989 814 ἔξοχα
1006 721 1178 805 Μοίσαις.
1337 719 1341 730 ’

262 827 369 904 Οὕτω
386 826 474 921 γοῦν
491 821 624 926 ῥιίϊστα
641 821 732 918 διᾶγ’
750 823 772 898 ὁ
788 820 949 920 Κοίνλονψ
966 824 988 898 ὁ
1003 822 1091 922 παρ’
1109 825 1213 920 α’μῖν,

258 929 313 1006 Ὦ
328 927 462 1028 ’ρχαῖος
478 921 703 1024 Πολύφαμος
709 981 724 1016 ,
751 924 802 1000 ὅτ’
817 925 934 1024 ἤρατο
950 929 1016 1010 τοῖς
1037 927 1251 1018 Γαλατείας,

254 1031 372 1129 'Apta
392 1025 605 1126 yarstdodua
620 1029 702 1128 περὶ
718 1023 765 1102 cd
782 1024 902 1122 στόμα
916 1023 986 1110 τοῖς
1000 1025 1188 1127 κροτάφοις
1204 1051 1257 1105 τι·

254 1125 683 1231 Ἤρατοδόὔτιρόδοις,
709 1127 754 1205 osi
766 1123 909 1224 μοίλοις,
936 1127 1213 1222 οὐδίνινίννοις,
1270 1155 1318 1204 ιο

167 1237 173 1246 ’
261 1233 362 1316 Ἀλλ’
374 1229 501 1316 ὅλοαΐς
514 1231 671 1329 μανίαις·
705 1231 828 1327 ἁγεῖτο
846 1234 885 1306 δὲ
901 1227 1022 1306 πάντα
1038 1229 1212 1330 πάρεργα.
1438 1224 1439 1244 ’

263 1332 428 1416 Πολλοίιιι
442 1337 505 1409 ταί
523 1335 594 1417 ὄϊος
607 1333 692 1408 noti
708 1333 862 1408 τωῦλιον
880 1332 988 1436 ositos*
1002 1333 1170 1433 α’τῆνθόν

260 1441 418 1536 Χλωρᾶς
432 1443 469 1512 ἐν
487 1433 654 1532 βοτάνας.
677 1436 699 1510 o‘
717 1437 754 1511 di
771 1430 841 1511 τείν
858 1431 1065 1512 Γαλάτειαν
1082 1435 1227 1530 ἀείδων,

262 1541 378 1624 Alieni
393 1537 445 1616 ἐντ’
460 1536 580 1624 οἱϊόνος
594 1534 811 1615 νατετοίιοτο
830 1542 1044 1638 φονιοίσσας

266 1753 473 1778 m

327 1892 400 1940 tant
418 1875 512 1938 multi
531 1877 584 1937 illi
608 1875 679 1940 cdd.
703 1876 759 1962 qui
781 1873 901 1938 habent
920 1872 1116 1960 ἀνθρώπους.
1152 1871 1322 1939 Sententia

328 1976 434 2022 autem
449 1961 515 2022 loci
527 1961 573 2021 sic
588 1961 716 2024 videtur
731 1961 959 2044 concipienda:
987 1963 1080 2022 Lens
1097 1960 1160 2022 hoc
1175 1975 1208 2022 et
1220 1981 1323 2024 suave

325 2042 505 2106 remedium
521 2059 570 2105 est
586 2045 622 2104 in
639 2045 808 2107 hominum
825 2061 1000 2128 potestate,
1025 2064 1211 2107 eoncessum
1226 2045 1324 2132 quip-

326 2149 398 2212 pea
415 2127 493 2189 diis:
517 2141 655 2190 attamen
668 2151 734 2192 non
749 2131 846 2190 facile
870 2147 918 2190 est
935 2132 1090 2206 inventu,
1122 2151 1220 2213 quum
1240 2151 1323 2212 pau·
1441 2181 1442 2194 ,

327 2214 373 2276 cis
388 2211 484 2275 modo
496 2214 540 2274 sit
556 2235 750 2276 concessum.
793 2213 926 2298 Kiessl]

283 2314 316 2382 5.
337 2313 473 2376 Retinui
493 2317 579 2396 οἶμαι
600 2311 640 2382 tsi
656 2336 716 2398 pro
737 2317 826 2399 οἶμαί
845 2342 897 2392 tu,
925 2333 1057 2401 propter
1081 2318 1324 2400 appositionem

327 2395 433 2482 ιάτρόν
446 2391 543 2464 to'rroe.
556 2401 701 2463 -Vnus
717 2399 765 2460 cd.
781 2397 942 2485 γινοίονην.
985 2404 1099 2462 Kiessl.

283 2505 315 2573 7.
335 2485 432 2570 ῥᾷστα
453 2482 523 2546 cdd.
544 2484 648 2546 Vatic.
662 2519 703 2533 --
719 2485 797 2568 cipis
816 2507 875 2569 pro
892 2487 964 2570 sipia
978 2487 1190 2548 restituerunt
1206 2487 1322 2550 Valck.

327 2567 512 2632 etBrunck.
555 2572 651 2631 Ηανλ

284 2674 335 2724 10·
357 2657 502 2730 κοτίνοις,
529 2667 602 2732 aut,
631 2669 669 2719 vt
688 2656 790 2718 estin
813 2656 883 2718 edd.
905 2669 939 2716 et
958 2654 1029 2717 edd.
1044 2655 1202 2717 Bruncltii
1222 2670 1325 2739 atque

265 2776 269 2786 ·
327 2737 552 2816 Valckenarii,
580 2745 742 2817 νικίννοις.
778 2741 920 2802 crinibus
941 2743 1070 2802 intortis
1096 2745 1323 2820 crispatisque,

329 2823 362 2886 h.
380 2846 408 2885 e.
426 2821 567 2884 detonsis
581 2847 689 2888 comae
705 2824 860 2906 crispatae
873 2824 1053 2900 fasciculis,
1078 2829 1186 2908 quales
1202 2839 1326 2888 amato·
1383 2813 1401 2902 ’-

328 2925 379 2970 res
410 2907 522 2968 amatis
543 2910 672 2971 mittere
692 2907 858 2984 solebant,
896 2907 986 2991 quod
1009 2929 1125 2968 munus
1145 2907 1326 2970 habebatur

328 2989 542 3076 gratissimum
559 3006 592 3053 et
605 2993 824 3054 testimonium
844 2994 960 3054 amoris
972 2993 1193 3054 intentissimi.
1209 3015 1239 3053 v.
1250 2993 1325 3053 Pal·

327 3075 421 3136 merii
444 3075 603 3137 Exercitt.
625 3097 658 3158 p.
672 3073 744 3140 802.
769 3078 834 3158 [De
847 3076 1021 3159 multiplici
1036 3097 1095 3137 vsu
1111 3097 1270 3138 comarum
1287 3077 1325 3136 in

249 3175 254 3187 “
329 3157 503 3220 fasciculos
520 3173 750 3236 consectatum,
769 3179 850 3246 quae
866 3159 1071 3222 mitterentur
1085 3161 1161 3236 alio,
1183 3163 1328 3246 egi¹plu·

327 3241 417 3304 ribus
435 3243 471 3302 in
497 3241 772 3324 disputatiuncula
790 3245 987 3330 germanica,
1024 3267 1106 3330 quae
1129 3246 1250 3308 inserta
1272 3259 1327 3306 est

328 3325 398 3386 ciem
421 3325 699 3408 Hemburgisclsen
719 3333 894 3412 Magasine
917 3329 991 3390 Vol.
1013 3329 1117 3393 XVII.
1139 3329 1256 3414 1³:592
1280 3363 1328 3379 -

327 3405 399 3474 604.
428 3411 545 3493 Βάαλ]
573 3413 833 3492 Hemsterhusius
857 3411 898 3473 ad
928 3415 1051 3474 Polluc.
1080 3417 1135 3476 lx.
1171 3428 1247 3476 sect.
1269 3411 1327 3478 81.

328 3492 400 3580 (vbi
420 3494 492 3556 tuse
510 3493 625 3559 dehoc
650 3497 809 3561 vocabulo
828 3496 927 3582 agit),
956 3499 1067 3573 fuere,
1098 3497 1222 3583 inquit,
1255 3497 1329 3559 cin-

327 3577 420 3641 cinni
439 3581 595 3642 tortuosis
610 3582 845 3669 turbinatisquc
860 3580 998 3643 flexibus
1016 3580 1191 3664 dependuli
1210 3581 1245 3640 in
1262 3580 1330 3642 hu·

328 3683 433 3726 meros
446 3663 566 3747 capilli.
589 3671 715 3742 σελίνοις
733 3688 792 3750 pro
806 3671 953 3740 ιιιτίννοις
969 3671 1152 3730 maluerunt
1167 3666 1331 3729 Heinsius

328 3769 362 3834 p.
377 3744 448 3811 554.
471 3764 505 3810 et
516 3753 775 3812 Hemslerlmss'us
796 3751 837 3814 ad
850 3750 991 3812 Lucian.
1011 3754 1034 3812 l.
1050 3771 1082 3832 p.
1100 3747 1172 3814 288.
1187 3749 1329 3812 Valcke-

330 3831 439 3894 narius
447 3855 543 3917 quum
552 3840 716 3920 uulgatum
726 3836 760 3897 in
777 3835 883 3920 pliore
901 3833 1097 3897 collectione
1111 3833 1329 3908 defendisset,

329 3917 366 3978 in
386 3918 565 3997 posteriorc
584 3935 691 3982 tamen
712 3919 858 3982 editione
880 3916 1135 3980 emendationem
1157 3916 1243 3978 dixit
1259 3924 1329 3982 cle·

330 4014 467 4086 gentem.
500 4001 569 4086 [Ne
589 4011 766 4104 elegantem
788 4002 917 4088 quidem
948 4001 1085 4069 dixerim
1108 4003 1330 4064 mutationem

326 4091 471 4162 σελίνοις·
506 4089 579 4150 Ηοο
599 4111 684 4150 emm
703 4088 895 4154 vocabulum
917 4107 984 4164 non
1005 4100 1112 4169 posset
1128 4089 1192 4148 alio
1207 4088 1329 4148 referri

329 4189 426 4257 quum
446 4169 649 4236 adtotonam
669 4173 842 4258 implexam
863 4172 957 4255 apio,
994 4185 1031 4234 vt
1050 4169 1148 4254 Idyll.
1172 4173 1239 4248 111,
1272 4171 1330 4238 25.
