2962 5020
149 527 152 534 ,
249 433 316 515 tto·
421 455 1077 549 ecorrmorsrarAArozv
1112 449 1150 522 ι’.

151 657 156 671 ·
250 621 329 700 Καὶ
361 618 430 717 τό,
463 624 574 717 Ῥέα,
607 626 740 707 ελαίεὶς
771 619 838 700 cdv
866 622 1039 720 βουκόλον·
1079 597 1161 722 crixi
1187 631 1227 706 tl
1257 623 1328 706 aci

442 768 446 784 ·
835 725 893 818 cri,
1269 737 1324 806 40¹

246 823 304 904 'lt
321 833 503 929 Κρονίδα,
525 827 588 908 dcci
603 837 717 908 παῖδα
730 830 916 934 βοηνόμον
931 833 1031 935 ὄρνις
1044 831 1269 942 dulcinen&

250 1015 461 1038 m

318 1153 377 1209 eo,
413 1133 499 1219 quod
522 1149 648 1198 veteres
665 1133 743 1196 libri
763 1148 797 1196 et
820 1133 891 1198 cdd.
910 1132 1068 1198 exhibent
1089 1141 1135 1212 εἰς
1155 1133 1216 1218 iuni
1237 1135 1320 1222 [duo

261 1288 268 1304 ¹
318 1217 390 1280 cdd.
404 1221 468 1298 κείς
482 1220 559 1302 imi,
583 1242 664 1281 vnus
679 1217 754 1301 cinci,
779 1241 861 1282 vnus
874 1216 912 1286 εὀὶ
926 1241 986 1302 pro
1002 1225 1064 1286 ἕνα.
1087 1227 1144 1298 εἰς
1165 1219 1207 1288 ed
1228 1227 1328 1306 prae-J·

319 1303 375 1364 bet
394 1306 493 1367 etiam
516 1304 575 1367 Cd.
597 1305 695 1366 Paris.
722 1309 860 1366 collatus
886 1305 1054 1382 aBastio,
1078 1329 1170 1392 quem
1193 1306 1270 1368 vide
1284 1307 1320 1366 in

317 1388 453 1474 praefat.
478 1389 518 1451 sd
543 1388 688 1474 Append.
708 1389 814 1473 Epist.
840 1390 911 1449 crit.
926 1411 958 1471 p.
976 1391 1049 1452 vll.
1065 1394 1222 1474 -Kieael.]‚
1246 1406 1324 1476 post

318 1473 423 1538 varias
439 1476 596 1538 lectiones
614 1487 709 1560 atque
730 1473 931 1556 suspiciones
950 1474 1155 1555 diiudicatus,
1179 1477 1324 1540 correxit

319 1580 358 1620 ιο
371 1562 537 1645 rescripsit
556 1567 601 1636 εἰς
614 1557 685 1648 ὁμοί,
708 1558 772 1624 i..e.
786 1557 822 1623 toi
841 1557 931 1631 αὐτά.
953 1561 1150 1644 ceillierus
1173 1567 1228 1624 vel
1242 1564 1322 1640 ἤθη,

320 1663 458 1730 eumque
484 1660 637 1731 sequutus
659 1661 707 1706 cst
730 1644 872 1706 Brunck.
917 1645 990 1732 Ego
1005 1667 1082 1708 vero
1100 1670 1171 1709 cum
1184 1647 1322 1708 Valcke-

318 1730 413 1794 nario
434 1731 535 1815 probo
552 1731 685 1793 Heinsii
700 1729 958 1792 emendationem
974 1737 1020 1807 εἰς
1034 1733 1115 1816 ἅμα,
1137 1736 1323 1808 simulemus

314 1835 414 1898 puero
436 1818 598 1878 dormivit.
635 1819 724 1896 ’Ἅμα
747 1814 912 1882 καθεύδειν
933 1832 981 1879 est
1006 1819 1158 1902 frequens
1178 1819 1321 1880 formula

318 1902 493 1988 loquendi,
524 1901 698 1985 praecipue
719 1921 814 1960 sensu
836 1902 1013 1964 amatorios
1044 1908 1089 1979 εἰς
1110 1927 1168 1986 per
1188 1909 1321 1988 pleona-

321 2011 423 2050 smum
440 2003 472 2049 et
488 1985 780 2050 moreTheocriteo
799 1983 885 2062 addi,
911 1983 1006 2048 docet
1013 1987 1248 2050 Valckenarius
1266 2011 1321 2051 ex·

319 2073 436 2154 emplis
451 2093 493 2134 ex
503 2070 600 2152 Idyll.
609 2073 652 2133 11.
663 2070 713 2134 43.
722 2069 826 2132 XXV.
840 2093 887 2152 17.
896 2071 1034 2158 aliisque
1044 2073 1207 2134 similibus
1219 2073 1320 2135 addo·

255 2175 259 2180 '
318 2159 389 2222 ctis.
406 2159 503 2220 Harl.
527 2157 611 2218 Scali
637 2179 670 2218 er
682 2154 871 2230 malebataa'c
884 2153 915 2220 ἓν
927 2157 997 2218 scil
1007 2161 1190 2244 ls'xroosvel
1199 2163 1321 2244 χωρίου,

318 2243 420 2326 idque
441 2241 562 2324 reperit
577 2180 729 2303 Sciottus
745 2240 779 2300 in
800 2237 872 2301 cod.
890 2243 1068 2320 Toletano,
1093 2242 1182 2328 quod
1194 2265 1321 2306 versum

318 2343 463 2398 enervat.
493 2327 657 2390 Iacobsius
672 2325 711 2386 ad
726 2325 841 2408 Epigr.
857 2325 964 2409 adesp.
978 2328 1217 2391 CCCXCVIII.
1232 2328 1318 2393 v.6.:

320 2415 408 2494 „¹Ee
421 2419 497 2494 μίαν
510 2447 554 2462 -
565 2433 621 2496 per
634 2435 666 2474 sc
680 2416 829 2482 iunctim,
851 2415 961 2485 simul,
984 2411 1159 2498 significat,
1183 2429 1220 2476 vt
1234 2411 1320 2498 apud

319 2503 496 2564 Homerum
521 2497 560 2560 ΙΙ.
580 2505 608 2578 β.
629 2497 700 2584 5⁷9·
721 2503 751 2563 εἰ
773 2497 811 2562 δέ
824 2489 891 2560 ποτ’
910 2496 942 2571 εἶ·
959 2523 993 2582 γε
1012 2501 1090 2581 μίαν
1109 2497 1320 2582 βουλεύσομεν.

319 2584 448 2649 Aelian.
464 2585 549 2645 Hist.
567 2585 626 2643 An.
643 2585 681 2643 V.
697 2587 784 2668 9412·
799 2585 874 2661 μίαν
887 2583 967 2648 νοεῖν
981 2589 1033 2650 καὶ
1047 2581 1101 2662 τήν
1116 2579 1220 2664 αὑτήν.
1249 2585 1320 2647 Me·

317 2677 417 2754 leagr.
434 2671 498 2754 Ep.
520 2671 704 2732 cxxvm.
733 2665 781 2732 15.
803 2671 869 2732 inei
887 2672 941 2734 sal
963 2669 1100 2736 Μοῦσαν
1119 2671 1238 2758 Ἔρωτι
1261 2672 1322 2737 Kal

317 2751 462 2840 Χάριτος
476 2761 577 2837 Σοφίᾳ
592 2761 638 2830 εἰς
656 2759 730 2836 μίαν
744 2751 893 2834 η’ρμόοοο.
940 2753 993 2816 cf.
1009 2754 1162 2818 Abresch.
1178 2757 1213 2816 in
1228 2757 1322 2818 Aust.

320 2839 361 2902 ad
374 2839 525 2922 Thucyd.
544 2863 576 2924 p.
587 2837 686 2903 568.“
702 2839 785 2923 [qui
810 2837 948 2900 addente
964 2839 1136 2902 Scheefero
1151 2841 1192 2902 ad
1208 2839 1319 2904 Lamb.

319 2927 396 2990 Bos.
417 2925 534 3010 Ellips.
547 2949 579 3009 p.
596 2924 667 2999 66„
699 2923 865 2985 excitavit
880 2923 1132 3005 Thucydideum
1146 2925 1187 2990 V.
1205 2949 1234 2989 c.
1253 2947 1321 2989 111.

320 3027 404 3074 extr.
428 3013 502 3090 μιᾶς
521 3012 593 3094 πέρι
622 3015 674 3074 καῖ
694 3012 738 3084 εἰς
756 3013 832 3089 μίαν
851 3005 989 3088 domiin]
1026 3007 1150 3072 Eodem
1170 3009 1318 3087 redeunt,

252 3120 258 3131 ’
319 3117 401 3184 quae
415 3095 604 3158 Huschkius
623 3093 753 3155 disserit
769 3094 805 3156 in
820 3095 968 3154 Analect.
986 3094 1066 3156 Crit.
1083 3116 1115 3178 p.
1131 3095 1184 3160 55.
1198 3093 1238 3156 de
1255 3096 1321 3155 for-

319 3181 416 3243 mulis
432 3185 476 3260 εἰς
490 3184 543 3246 ἕνα
558 3195 591 3242 et
604 3185 649 3254 εἰς
662 3184 737 3260 μίαν
750 3184 811 3244 nsi
822 3201 853 3239 v.
869 3201 897 3240 c.
912 3179 1135 3262 ἅρμόττεοθοε.
1146 3177 1321 3252 καθεύδειν,

251 3260 260 3281 “
279 3296 282 3304 *
320 3289 394 3328 cum
412 3287 477 3349 quo
498 3268 571 3328 viro
588 3263 775 3327 doctissimo
794 3267 957 3348 vulgatam
980 3265 1153 3348 genuinam
1169 3287 1235 3328 esse
1249 3287 1323 3328 cen·

319 3373 395 3427 seo,
429 3351 517 3436 quod
541 3365 663 3434 negant
691 3350 818 3410 Bestius
840 3348 875 3407 in
896 3348 1044 3431 Append.
1063 3348 1105 3410 ad
1125 3351 1230 3434 Epist.
1249 3351 1320 3411 crit.

319 3437 421 3522 praef.
438 3457 470 3520 p.
484 3437 542 3500 vl.
557 3430 752 3498 et‘Graefius
772 3433 814 3494 ed
827 3435 983 3518 Meleagr.
995 3455 1027 3517 p.
1047 3435 1111 3498 152.
1155 3435 1320 3498 Nimirum

319 3521 506 3586 locutiones
520 3526 564 3597 εἰς
578 3527 641 3596 ἕνα,
664 3525 710 3596 εἰς
721 3522 807 3602 μίαν,
830 3523 876 3596 εἰς
890 3517 922 3584 is
937 3519 1126 3604 significant
1140 3523 1257 3582 simia:
1278 3524 1322 3594 εἰς

319 3607 353 3674 ἓν
366 3607 486 3692 vbique
498 3607 565 3667 dici
576 3621 704 3689 potest3
729 3610 775 3679 εἰς
788 3609 842 3669 ἵνα
857 3609 909 3664 vel
924 3607 955 3678 ἐς
973 3608 1048 3686 μίαν
1059 3604 1109 3672 ibi
1124 3615 1323 3688 vsurpantur

321 3711 380 3780 per
395 3693 623 3758 attractionem
644 3688 819 3774 quandam,
844 3689 901 3750 vbi
916 3689 1103 3750 referuntur
1119 3689 1161 3751 ed
1177 3692 1322 3750 substan·

322 3781 427 3840 tivum
449 3777 518 3839 eive
540 3776 685 3838 additum
708 3775 776 3836 sive
797 3773 1014 3834 exorationis
1037 3774 1119 3836 serie
1139 3774 1322 3837 subintelli-

247 3899 255 3910 ·
322 3862 462 3950 gendum
478 3862 603 3947 generis
619 3876 676 3922 aut
692 3859 862 3920 masculini
885 3871 942 3919 aut
957 3858 1127 3935 feminini,
1153 3881 1259 3942 neque
1275 3874 1325 3921 ta·

322 3971 396 4010 men
419 3949 481 4024 ita,
506 3962 541 4009 vt
561 3948 624 4010 hoc
646 3947 751 4028 ipsum
774 3943 1011 4006 substantivum
1035 3943 1076 4004 sit
1096 3943 1324 4027 supplendum.

322 4034 377 4095 Sic
390 4033 587 4094 Theocritus
601 4029 686 4090 dixit
698 4034 742 4104 εἰς
753 4033 805 4093 ἕνα
818 4042 951 4111 propter
964 4027 1111 4090 additum
1127 4035 1226 4101 παιδί,
1250 4033 1326 4092 Me·

247 4150 252 4162 ·
322 4122 432 4204 leager
444 4121 488 4193 εἰς
499 4119 573 4199 plis
586 4129 719 4196 propter
732 4119 836 4198 οοᾳίᾳ.
862 4113 955 4196 Quae
970 4111 1103 4176 dicendi
1118 4115 1214 4188 ratio,
1232 4115 1328 4176 cuius

252 4231 258 4242 ·
325 4217 373 4265 est
393 4204 469 4264 fons
492 4197 691 4266 admirabilis
713 4199 819 4284 graeci
842 4198 1000 4266 sermonis
1020 4197 1229 4276 flexibilitas,
1260 4219 1329 4262 non
