2918 5020
218 412 542 478 rnnocnr‘rr
571 419 845 486 rnrnnron
873 424 990 490 xxx.
1064 421 1070 434 “
1100 433 1161 521 757

305 584 372 650 Cui
393 583 465 651 fera
491 587 679 675 respondite

302 690 380 755 Iuro
403 687 481 769 tibi,
514 693 641 770 Venus,

301 790 368 857 Per
390 789 496 877 ipsam
519 803 569 874 te,
605 803 637 856 et
658 792 784 880 virum,

300 893 346 959 Et
366 891 449 956 haec
474 915 550 959 mea
575 895 720 980 vinculo,

300 995 346 1062 Et
365 994 465 1060 hosce
493 1009 687 1064 venatores:

298 1101 414 1165 Tuum
437 1097 628 1165 formosum
650 1101 766 1170 virum

296 1201 460 1270 Nolebam
481 1200 600 1267 ferire:

297 1305 364 1372 Sed
385 1317 425 1369 vt
445 1303 663 1372 simulacrum
686 1305 837 1396 adspexi,

295 1407 356 1488 Et,
377 1429 448 1470 non
469 1407 582 1472 ferens
604 1421 742 1485 aestum,
901 1395 910 1412 ⁵

295 1509 424 1578 Femur
444 1509 531 1596 quod
553 1511 686 1578 nudum
707 1512 863 1592 habebat,

294 1613 416 1679 Insano
437 1611 554 1678 furore
575 1615 718 1680 osculari
746 1616 918 1686 volebama

293 1717 338 1782 Et
359 1715 441 1780 dene
461 1738 556 1800 mens
585 1715 689 1782 laesit.

293 1819 363 1885 Hos
383 1815 488 1904 igitur
508 1830 655 1903 comtos,
688 1819 814 1903 Venus,

291 1921 363 1988 Hoe
383 1919 485 2010 puni,
513 1919 632 1985 excide

292 2021 406 2113 (Quid
429 2022 522 2086 enim
544 2045 626 2108 gero
647 2023 958 2113 supervacaneoei)

292 2125 484 2196 Amatorios
505 2126 640 2190 dentes:

292 2227 397 2319 Quod
418 2228 447 2294 ei
467 2227 528 2294 tibi
549 2251 620 2294 non
647 2229 726 2294 aetie
748 2241 808 2312 est,
902 2216 905 2224 ¹

145 2484 189 2535 ee,
213 2481 253 2522 ex
267 2457 402 2543 ingenio
419 2459 561 2521 correxit
574 2457 710 2536 Reieke,
734 2471 767 2519 et
779 2459 921 2520 Brunck.
937 2459 1021 2520 hanc
1037 2460 1146 2523 conie-

147 2560 281 2620 cturam,
304 2559 340 2605 vt
360 2543 560 2604 tolerabilem
576 2557 609 2604 et
631 2543 753 2604 bonum
776 2564 904 2604 sensum
924 2543 1143 2627 praebentem,

144 2630 279 2712 recepit,
303 2631 424 2690 reiecta
438 2628 646 2689 Valckenarii
667 2627 822 2704 lectione,
846 2631 964 2712 partim
987 2628 1144 2708 ecodice,

143 2715 261 2799 partim
277 2736 318 2775 ex
334 2710 561 2774 emendatione
573 2713 723 2789 Martini,
747 2714 787 2775 V.
801 2717 841 2778 L.
857 2715 913 2775 IV.
926 2710 971 2779 16.
984 2715 1144 2796 profecta,

144 2821 236 2886 quam
259 2798 449 2860 Valckener.
472 2796 508 2856 in
527 2796 666 2858 sectinda
694 2798 792 2858 etiam
816 2797 960 2860 editione
985 2801 1143 2881 praefert:

141 2887 208 2954 Καί
222 2909 279 2969 μευ
291 2881 371 2949 forre
387 2876 529 2965 κραπὴρ·
560 2895 596 2941 at
611 2883 685 2944 dene
705 2896 844 2943 exsertae
856 2885 951 2944 laesit
972 2881 1074 2964 (illud
1097 2885 1143 2945 fe·

141 2975 247 3048 mur):
281 2965 368 3052 quod
388 2988 455 3028 vox
475 2963 623 3051 κραπὴρ,
646 2967 849 3053 physiologis
875 2969 954 3028 eolis
979 2983 1142 3052 vsurpate,

140 3053 275 3116 minime
290 3052 437 3136 poetica,
462 3073 521 3114 nec
540 3053 672 3136 propria
693 3073 751 3112 sue
772 3053 1012 3138 significatione
1035 3049 1141 3135 pos'ita

140 3140 195 3202 eit.
216 3140 314 3199 Harl.
358 3140 397 3198 In
413 3137 627 3198 Anacreontis
644 3134 789 3200 editione
804 3138 987 3200 Brunckius
1003 3136 1140 3199 Valcke-

140 3225 226 3285 narii
243 3220 502 3284 emendationem
517 3223 649 3305 recepit.
672 3255 715 3271 ·-
735 3222 806 3284 Nos
822 3245 894 3305 cum
908 3221 1033 3283 Dahrio
1052 3220 1141 3282 dedi·

140 3330 211 3383 mue
234 3306 407 3369 lectionem
427 3307 614 3370 aSalmasio
632 3304 733 3370 ecod.
752 3307 901 3370 Palatino
920 3321 1062 3382 erutam,
1086 3307 1144 3371 καί

139 3418 198 3476 μευ
219 3397 318 3468 σίναζε
340 3389 484 3480 neoterio·
513 3413 586 3452 nam
608 3397 738 3476 vulgate
756 3399 809 3458 καί
831 3418 889 3476 μευ
910 3393 1086 3466 tetarlon&
1108 3403 1141 3450 et

140 3491 244 3539 metro
266 3491 442 3562 repugnat,
466 3497 527 3538 nec
544 3476 709 3538 commode
725 3477 882 3560 explicari
903 3491 1021 3561 potest.
1066 3479 1139 3536 Sea·

52 3597 57 3608 ·
140 3563 237 3646 liger:
262 3566 316 3626 καί
328 3587 385 3642 μευ
401 3565 608 3638 κατεκσῖναζε,
630 3561 661 3622 h.
680 3583 706 3622 e.
723 3561 865 3649 ἐφύβριζὲ
876 3590 937 3649 μοι.
981 3563 1095 3621 Kieerl.

95 3648 139 3715 ’55
161 3645 276 3710 *516-
299 3643 469 3731 περισσῶςς
491 3644 644 3727 ἐρωτικῶς
665 3645 790 3710 doricae
813 3651 1003 3730 fornraspro
1026 3651 1136 3727 vulge-

140 3729 232 3792 ribue
244 3731 398 3792 Valcken.
414 3753 484 3794 cum
498 3732 664 3793 Brunckio
681 3729 779 3794 dedit.
812 3732 902 3795 Idem
916 3731 1058 3794 Brunck.
1075 3729 1139 3789 Ve-

139 3816 197 3878 εἰσ.
220 3814 364 3876 codicem
387 3831 531 3892 secutur,
566 3816 702 3878 vocibus
727 3819 949 3900 transpositis,
980 3815 1139 3898 probante
1172 3807 1175 3814 ’

139 3899 303 3976 Harlesio‚
326 3901 425 3984 legit:
447 3898 572 3979 τούτους
584 3905 717 3970 λαβοῖσα
730 3905 829 3986 τέμνε,
852 3904 860 3990 Ι
884 3901 1008 3976 τούτους
1024 3895 1137 3971 effluit,

138 3982 253 4067 Κύπρι.
297 3986 414 4047 Kios-st.

95 4075 138 4160 57
161 4105 204 4118 -
226 4067 275 4156 59.
297 4075 333 4135 αἰ
347 4067 457 4155 δὀὗχί
476 4105 519 4120 -·
539 4073 613 4154 ἐμεῦ
625 4071 766 4132 Brunck.
785 4087 818 4134 et
830 4073 984 4134 Valcken.
1028 4067 1148 4146 Vulgo·

141 4161 171 4222 εἰ
186 4153 212 4221 δ’
230 4155 298 4239 ου’χί
317 4190 362 4205 -
380 4157 465 4240 ἐμοῦ.
509 4158 586 4220 Poet
606 4177 733 4220 vertum
748 4155 800 4223 58.
824 4179 866 4220 err
888 4157 960 4222 cod.
976 4155 1049 4217 vat.
1066 4168 1139 4209 cum
